%YAML 1.1
%TAG !u! tag:unity3d.com,2011:
--- !u!1 &141287318835017199
GameObject:
  m_ObjectHideFlags: 0
  m_CorrespondingSourceObject: {fileID: 0}
  m_PrefabInstance: {fileID: 0}
  m_PrefabAsset: {fileID: 0}
  serializedVersion: 6
  m_Component:
  - component: {fileID: 3175446522542062676}
  m_Layer: 0
  m_Name: mixamorig:LeftHandThumb1
  m_TagString: Untagged
  m_Icon: {fileID: 0}
  m_NavMeshLayer: 0
  m_StaticEditorFlags: 0
  m_IsActive: 1
--- !u!4 &3175446522542062676
Transform:
  m_ObjectHideFlags: 0
  m_CorrespondingSourceObject: {fileID: 0}
  m_PrefabInstance: {fileID: 0}
  m_PrefabAsset: {fileID: 0}
  m_GameObject: {fileID: 141287318835017199}
  m_LocalRotation: {x: 0.12933663, y: -0.051022924, z: -0.29793468, w: 0.9444065}
  m_LocalPosition: {x: 0.052946407, y: 0.05990046, z: 0.000000070837636}
  m_LocalScale: {x: 1, y: 1, z: 1}
  m_Children:
  - {fileID: 5389540279265792472}
  m_Father: {fileID: 3468659546156819905}
  m_RootOrder: 1
  m_LocalEulerAnglesHint: {x: 0, y: 0, z: 0}
--- !u!1 &163053518222686275
GameObject:
  m_ObjectHideFlags: 0
  m_CorrespondingSourceObject: {fileID: 0}
  m_PrefabInstance: {fileID: 0}
  m_PrefabAsset: {fileID: 0}
  serializedVersion: 6
  m_Component:
  - component: {fileID: 5910645849092556154}
  m_Layer: 0
  m_Name: mixamorig:LeftToe_End
  m_TagString: Untagged
  m_Icon: {fileID: 0}
  m_NavMeshLayer: 0
  m_StaticEditorFlags: 0
  m_IsActive: 1
--- !u!4 &5910645849092556154
Transform:
  m_ObjectHideFlags: 0
  m_CorrespondingSourceObject: {fileID: 0}
  m_PrefabInstance: {fileID: 0}
  m_PrefabAsset: {fileID: 0}
  m_GameObject: {fileID: 163053518222686275}
  m_LocalRotation: {x: 0, y: -0, z: -0, w: 1}
  m_LocalPosition: {x: 3.1680714e-10, y: 0.07600722, z: -4.3568555e-11}
  m_LocalScale: {x: 1, y: 1, z: 1}
  m_Children: []
  m_Father: {fileID: 3716558852147003564}
  m_RootOrder: 0
  m_LocalEulerAnglesHint: {x: 0, y: 0, z: 0}
--- !u!1 &381381478801743137
GameObject:
  m_ObjectHideFlags: 0
  m_CorrespondingSourceObject: {fileID: 0}
  m_PrefabInstance: {fileID: 0}
  m_PrefabAsset: {fileID: 0}
  serializedVersion: 6
  m_Component:
  - component: {fileID: 412971876973807112}
  m_Layer: 0
  m_Name: mixamorig:RightToe_End
  m_TagString: Untagged
  m_Icon: {fileID: 0}
  m_NavMeshLayer: 0
  m_StaticEditorFlags: 0
  m_IsActive: 1
--- !u!4 &412971876973807112
Transform:
  m_ObjectHideFlags: 0
  m_CorrespondingSourceObject: {fileID: 0}
  m_PrefabInstance: {fileID: 0}
  m_PrefabAsset: {fileID: 0}
  m_GameObject: {fileID: 381381478801743137}
  m_LocalRotation: {x: 0, y: -0, z: -0, w: 1}
  m_LocalPosition: {x: 8.998413e-10, y: 0.07739384, z: 5.7004616e-11}
  m_LocalScale: {x: 1, y: 1, z: 1}
  m_Children: []
  m_Father: {fileID: 4784791009196271274}
  m_RootOrder: 0
  m_LocalEulerAnglesHint: {x: 0, y: 0, z: 0}
--- !u!1 &652460643589256374
GameObject:
  m_ObjectHideFlags: 0
  m_CorrespondingSourceObject: {fileID: 0}
  m_PrefabInstance: {fileID: 0}
  m_PrefabAsset: {fileID: 0}
  serializedVersion: 6
  m_Component:
  - component: {fileID: 5370492046979968563}
  m_Layer: 0
  m_Name: mixamorig:LeftFoot
  m_TagString: Untagged
  m_Icon: {fileID: 0}
  m_NavMeshLayer: 0
  m_StaticEditorFlags: 0
  m_IsActive: 1
--- !u!4 &5370492046979968563
Transform:
  m_ObjectHideFlags: 0
  m_CorrespondingSourceObject: {fileID: 0}
  m_PrefabInstance: {fileID: 0}
  m_PrefabAsset: {fileID: 0}
  m_GameObject: {fileID: 652460643589256374}
  m_LocalRotation: {x: 0.4131102, y: -0.10079893, z: 0.023080522, w: 0.90479106}
  m_LocalPosition: {x: -4.1724666e-12, y: 0.4060179, z: 0.0000000010141437}
  m_LocalScale: {x: 1, y: 1, z: 1}
  m_Children:
  - {fileID: 3716558852147003564}
  m_Father: {fileID: 658054582539376351}
  m_RootOrder: 0
  m_LocalEulerAnglesHint: {x: 0, y: 0, z: 0}
--- !u!1 &877945700505982370
GameObject:
  m_ObjectHideFlags: 0
  m_CorrespondingSourceObject: {fileID: 0}
  m_PrefabInstance: {fileID: 0}
  m_PrefabAsset: {fileID: 0}
  serializedVersion: 6
  m_Component:
  - component: {fileID: 5389540279265792472}
  m_Layer: 0
  m_Name: mixamorig:LeftHandThumb2
  m_TagString: Untagged
  m_Icon: {fileID: 0}
  m_NavMeshLayer: 0
  m_StaticEditorFlags: 0
  m_IsActive: 1
--- !u!4 &5389540279265792472
Transform:
  m_ObjectHideFlags: 0
  m_CorrespondingSourceObject: {fileID: 0}
  m_PrefabInstance: {fileID: 0}
  m_PrefabAsset: {fileID: 0}
  m_GameObject: {fileID: 877945700505982370}
  m_LocalRotation: {x: 0.00009970401, y: 0.0015446482, z: 0.03680016, w: 0.99932146}
  m_LocalPosition: {x: 0.0017693402, y: 0.06393254, z: -0.0000000014953835}
  m_LocalScale: {x: 1, y: 1, z: 1}
  m_Children:
  - {fileID: 7227807307136626100}
  m_Father: {fileID: 3175446522542062676}
  m_RootOrder: 0
  m_LocalEulerAnglesHint: {x: 0, y: 0, z: 0}
--- !u!1 &961547318956143462
GameObject:
  m_ObjectHideFlags: 0
  m_CorrespondingSourceObject: {fileID: 0}
  m_PrefabInstance: {fileID: 0}
  m_PrefabAsset: {fileID: 0}
  serializedVersion: 6
  m_Component:
  - component: {fileID: 4321599835878393194}
  m_Layer: 0
  m_Name: mixamorig:Head
  m_TagString: Untagged
  m_Icon: {fileID: 0}
  m_NavMeshLayer: 0
  m_StaticEditorFlags: 0
  m_IsActive: 1
--- !u!4 &4321599835878393194
Transform:
  m_ObjectHideFlags: 0
  m_CorrespondingSourceObject: {fileID: 0}
  m_PrefabInstance: {fileID: 0}
  m_PrefabAsset: {fileID: 0}
  m_GameObject: {fileID: 961547318956143462}
  m_LocalRotation: {x: 0, y: -0, z: -4.384594e-36, w: 1}
  m_LocalPosition: {x: -0, y: 0.109493405, z: 0.029764205}
  m_LocalScale: {x: 1, y: 1, z: 1}
  m_Children:
  - {fileID: 1342115577697665412}
  m_Father: {fileID: 3491193625446689808}
  m_RootOrder: 0
  m_LocalEulerAnglesHint: {x: 0, y: 0, z: 0}
--- !u!1 &1171001860269245825
GameObject:
  m_ObjectHideFlags: 0
  m_CorrespondingSourceObject: {fileID: 0}
  m_PrefabInstance: {fileID: 0}
  m_PrefabAsset: {fileID: 0}
  serializedVersion: 6
  m_Component:
  - component: {fileID: 4198176551922443066}
  m_Layer: 0
  m_Name: mixamorig:LeftArm
  m_TagString: Untagged
  m_Icon: {fileID: 0}
  m_NavMeshLayer: 0
  m_StaticEditorFlags: 0
  m_IsActive: 1
--- !u!4 &4198176551922443066
Transform:
  m_ObjectHideFlags: 0
  m_CorrespondingSourceObject: {fileID: 0}
  m_PrefabInstance: {fileID: 0}
  m_PrefabAsset: {fileID: 0}
  m_GameObject: {fileID: 1171001860269245825}
  m_LocalRotation: {x: -0.14788271, y: -0.006010316, z: -0.010712879, w: 0.9889287}
  m_LocalPosition: {x: -3.2443725e-10, y: 0.18762243, z: 0.000000004125191}
  m_LocalScale: {x: 1, y: 1, z: 1}
  m_Children:
  - {fileID: 920990280171212539}
  m_Father: {fileID: 5442893697558180086}
  m_RootOrder: 0
  m_LocalEulerAnglesHint: {x: 0, y: 0, z: 0}
--- !u!1 &1290368909126471677
GameObject:
  m_ObjectHideFlags: 0
  m_CorrespondingSourceObject: {fileID: 0}
  m_PrefabInstance: {fileID: 0}
  m_PrefabAsset: {fileID: 0}
  serializedVersion: 6
  m_Component:
  - component: {fileID: 5299643041457571242}
  m_Layer: 0
  m_Name: mixamorig:RightForeArm
  m_TagString: Untagged
  m_Icon: {fileID: 0}
  m_NavMeshLayer: 0
  m_StaticEditorFlags: 0
  m_IsActive: 1
--- !u!4 &5299643041457571242
Transform:
  m_ObjectHideFlags: 0
  m_CorrespondingSourceObject: {fileID: 0}
  m_PrefabInstance: {fileID: 0}
  m_PrefabAsset: {fileID: 0}
  m_GameObject: {fileID: 1290368909126471677}
  m_LocalRotation: {x: 0.00000038944037, y: -0.00032780584, z: 0.0000003518483, w: 0.99999994}
  m_LocalPosition: {x: 1.776069e-10, y: 0.3322193, z: -2.3123022e-10}
  m_LocalScale: {x: 1, y: 1, z: 1}
  m_Children:
  - {fileID: 8334737287174197194}
  m_Father: {fileID: 4132889810205585159}
  m_RootOrder: 0
  m_LocalEulerAnglesHint: {x: 0, y: 0, z: 0}
--- !u!1 &1318624337653701933
GameObject:
  m_ObjectHideFlags: 0
  m_CorrespondingSourceObject: {fileID: 0}
  m_PrefabInstance: {fileID: 0}
  m_PrefabAsset: {fileID: 0}
  serializedVersion: 6
  m_Component:
  - component: {fileID: 34559057562377290}
  m_Layer: 0
  m_Name: mixamorig:LeftHandIndex2
  m_TagString: Untagged
  m_Icon: {fileID: 0}
  m_NavMeshLayer: 0
  m_StaticEditorFlags: 0
  m_IsActive: 1
--- !u!4 &34559057562377290
Transform:
  m_ObjectHideFlags: 0
  m_CorrespondingSourceObject: {fileID: 0}
  m_PrefabInstance: {fileID: 0}
  m_PrefabAsset: {fileID: 0}
  m_GameObject: {fileID: 1318624337653701933}
  m_LocalRotation: {x: 0.000013335513, y: -0.00037779045, z: 0.004692143, w: 0.9999889}
  m_LocalPosition: {x: -0.0041155093, y: 0.10322081, z: -1.7482989e-10}
  m_LocalScale: {x: 1, y: 1, z: 1}
  m_Children:
  - {fileID: 864796588046626361}
  m_Father: {fileID: 8676334860229360622}
  m_RootOrder: 0
  m_LocalEulerAnglesHint: {x: 0, y: 0, z: 0}
--- !u!1 &1611626113632726662
GameObject:
  m_ObjectHideFlags: 0
  m_CorrespondingSourceObject: {fileID: 0}
  m_PrefabInstance: {fileID: 0}
  m_PrefabAsset: {fileID: 0}
  serializedVersion: 6
  m_Component:
  - component: {fileID: 1870530289958520991}
  m_Layer: 0
  m_Name: mixamorig:RightHandThumb2
  m_TagString: Untagged
  m_Icon: {fileID: 0}
  m_NavMeshLayer: 0
  m_StaticEditorFlags: 0
  m_IsActive: 1
--- !u!4 &1870530289958520991
Transform:
  m_ObjectHideFlags: 0
  m_CorrespondingSourceObject: {fileID: 0}
  m_PrefabInstance: {fileID: 0}
  m_PrefabAsset: {fileID: 0}
  m_GameObject: {fileID: 1611626113632726662}
  m_LocalRotation: {x: -0.000024141478, y: 0.00030307885, z: -0.017855434, w: 0.99984056}
  m_LocalPosition: {x: -0.004045001, y: 0.06395919, z: 1.2891092e-10}
  m_LocalScale: {x: 1, y: 1, z: 1}
  m_Children:
  - {fileID: 8201464993646821656}
  m_Father: {fileID: 2244290807266632956}
  m_RootOrder: 0
  m_LocalEulerAnglesHint: {x: 0, y: 0, z: 0}
--- !u!1 &1672105156476771333
GameObject:
  m_ObjectHideFlags: 0
  m_CorrespondingSourceObject: {fileID: 0}
  m_PrefabInstance: {fileID: 0}
  m_PrefabAsset: {fileID: 0}
  serializedVersion: 6
  m_Component:
  - component: {fileID: 8840827444756189190}
  m_Layer: 0
  m_Name: mixamorig:Spine1
  m_TagString: Untagged
  m_Icon: {fileID: 0}
  m_NavMeshLayer: 0
  m_StaticEditorFlags: 0
  m_IsActive: 1
--- !u!4 &8840827444756189190
Transform:
  m_ObjectHideFlags: 0
  m_CorrespondingSourceObject: {fileID: 0}
  m_PrefabInstance: {fileID: 0}
  m_PrefabAsset: {fileID: 0}
  m_GameObject: {fileID: 1672105156476771333}
  m_LocalRotation: {x: 7.037411e-26, y: -1.04186326e-13, z: 6.7546397e-13, w: 1}
  m_LocalPosition: {x: -0, y: 0.17824847, z: 2.3966581e-10}
  m_LocalScale: {x: 1, y: 1, z: 1}
  m_Children:
  - {fileID: 8001675861000396909}
  m_Father: {fileID: 2714916086312731886}
  m_RootOrder: 0
  m_LocalEulerAnglesHint: {x: 0, y: 0, z: 0}
--- !u!1 &2273609689525352593
GameObject:
  m_ObjectHideFlags: 0
  m_CorrespondingSourceObject: {fileID: 0}
  m_PrefabInstance: {fileID: 0}
  m_PrefabAsset: {fileID: 0}
  serializedVersion: 6
  m_Component:
  - component: {fileID: 7092732659204478590}
  m_Layer: 0
  m_Name: mixamorig:RightFoot
  m_TagString: Untagged
  m_Icon: {fileID: 0}
  m_NavMeshLayer: 0
  m_StaticEditorFlags: 0
  m_IsActive: 1
--- !u!4 &7092732659204478590
Transform:
  m_ObjectHideFlags: 0
  m_CorrespondingSourceObject: {fileID: 0}
  m_PrefabInstance: {fileID: 0}
  m_PrefabAsset: {fileID: 0}
  m_GameObject: {fileID: 2273609689525352593}
  m_LocalRotation: {x: 0.42275986, y: 0.09643533, z: -0.02286421, w: 0.90080607}
  m_LocalPosition: {x: 2.170708e-13, y: 0.40612438, z: 8.437206e-10}
  m_LocalScale: {x: 1, y: 1, z: 1}
  m_Children:
  - {fileID: 4784791009196271274}
  m_Father: {fileID: 2746518913955495640}
  m_RootOrder: 0
  m_LocalEulerAnglesHint: {x: 0, y: 0, z: 0}
--- !u!1 &2403398360046002836
GameObject:
  m_ObjectHideFlags: 0
  m_CorrespondingSourceObject: {fileID: 0}
  m_PrefabInstance: {fileID: 0}
  m_PrefabAsset: {fileID: 0}
  serializedVersion: 6
  m_Component:
  - component: {fileID: 2244290807266632956}
  m_Layer: 0
  m_Name: mixamorig:RightHandThumb1
  m_TagString: Untagged
  m_Icon: {fileID: 0}
  m_NavMeshLayer: 0
  m_StaticEditorFlags: 0
  m_IsActive: 1
--- !u!4 &2244290807266632956
Transform:
  m_ObjectHideFlags: 0
  m_CorrespondingSourceObject: {fileID: 0}
  m_PrefabInstance: {fileID: 0}
  m_PrefabAsset: {fileID: 0}
  m_GameObject: {fileID: 2403398360046002836}
  m_LocalRotation: {x: 0.11387107, y: 0.048409995, z: 0.28681836, w: 0.9499606}
  m_LocalPosition: {x: -0.054063752, y: 0.059114493, z: 5.155658e-10}
  m_LocalScale: {x: 1, y: 1, z: 1}
  m_Children:
  - {fileID: 1870530289958520991}
  m_Father: {fileID: 8334737287174197194}
  m_RootOrder: 1
  m_LocalEulerAnglesHint: {x: 0, y: 0, z: 0}
--- !u!1 &2651044721907306207
GameObject:
  m_ObjectHideFlags: 0
  m_CorrespondingSourceObject: {fileID: 0}
  m_PrefabInstance: {fileID: 0}
  m_PrefabAsset: {fileID: 0}
  serializedVersion: 6
  m_Component:
  - component: {fileID: 8001675861000396909}
  m_Layer: 0
  m_Name: mixamorig:Spine2
  m_TagString: Untagged
  m_Icon: {fileID: 0}
  m_NavMeshLayer: 0
  m_StaticEditorFlags: 0
  m_IsActive: 1
--- !u!4 &8001675861000396909
Transform:
  m_ObjectHideFlags: 0
  m_CorrespondingSourceObject: {fileID: 0}
  m_PrefabInstance: {fileID: 0}
  m_PrefabAsset: {fileID: 0}
  m_GameObject: {fileID: 2651044721907306207}
  m_LocalRotation: {x: 0, y: 0, z: 5.6009124e-29, w: 1}
  m_LocalPosition: {x: -0, y: 0.20371273, z: -0.0000000010484328}
  m_LocalScale: {x: 1, y: 1, z: 1}
  m_Children:
  - {fileID: 5442893697558180086}
  - {fileID: 3491193625446689808}
  - {fileID: 586575657236973983}
  m_Father: {fileID: 8840827444756189190}
  m_RootOrder: 0
  m_LocalEulerAnglesHint: {x: 0, y: 0, z: 0}
--- !u!1 &3008511945707035978
GameObject:
  m_ObjectHideFlags: 0
  m_CorrespondingSourceObject: {fileID: 0}
  m_PrefabInstance: {fileID: 0}
  m_PrefabAsset: {fileID: 0}
  serializedVersion: 6
  m_Component:
  - component: {fileID: 2746518913955495640}
  m_Layer: 0
  m_Name: mixamorig:RightLeg
  m_TagString: Untagged
  m_Icon: {fileID: 0}
  m_NavMeshLayer: 0
  m_StaticEditorFlags: 0
  m_IsActive: 1
--- !u!4 &2746518913955495640
Transform:
  m_ObjectHideFlags: 0
  m_CorrespondingSourceObject: {fileID: 0}
  m_PrefabInstance: {fileID: 0}
  m_PrefabAsset: {fileID: 0}
  m_GameObject: {fileID: 3008511945707035978}
  m_LocalRotation: {x: -0.044713475, y: 0.0014431907, z: -0.023620037, w: 0.9987195}
  m_LocalPosition: {x: 8.2225055e-10, y: 0.4413011, z: -1.5407528e-10}
  m_LocalScale: {x: 1, y: 1, z: 1}
  m_Children:
  - {fileID: 7092732659204478590}
  m_Father: {fileID: 1963632945508106306}
  m_RootOrder: 0
  m_LocalEulerAnglesHint: {x: 0, y: 0, z: 0}
--- !u!1 &3352390123062492672
GameObject:
  m_ObjectHideFlags: 0
  m_CorrespondingSourceObject: {fileID: 0}
  m_PrefabInstance: {fileID: 0}
  m_PrefabAsset: {fileID: 0}
  serializedVersion: 6
  m_Component:
  - component: {fileID: 7860345414099667041}
  - component: {fileID: 430164562450641954}
  - component: {fileID: 3671582981935597691}
  - component: {fileID: 3321605338716254833}
  - component: {fileID: 1182864899}
  m_Layer: 5
  m_Name: Canvas
  m_TagString: Untagged
  m_Icon: {fileID: 0}
  m_NavMeshLayer: 0
  m_StaticEditorFlags: 0
  m_IsActive: 1
--- !u!224 &7860345414099667041
RectTransform:
  m_ObjectHideFlags: 0
  m_CorrespondingSourceObject: {fileID: 0}
  m_PrefabInstance: {fileID: 0}
  m_PrefabAsset: {fileID: 0}
  m_GameObject: {fileID: 3352390123062492672}
  m_LocalRotation: {x: 0, y: 0, z: 0, w: 1}
  m_LocalPosition: {x: 0, y: 0, z: 0}
  m_LocalScale: {x: 0.020192087, y: 0.0031495132, z: 0.020192087}
  m_Children:
  - {fileID: 5376125512643169331}
  m_Father: {fileID: 7896493294902712297}
  m_RootOrder: 2
  m_LocalEulerAnglesHint: {x: 0, y: 0, z: 0}
  m_AnchorMin: {x: 0, y: 0}
  m_AnchorMax: {x: 0, y: 0}
  m_AnchoredPosition: {x: 0, y: 2.84}
  m_SizeDelta: {x: 253, y: 450}
  m_Pivot: {x: 0.5, y: 0.5}
--- !u!223 &430164562450641954
Canvas:
  m_ObjectHideFlags: 0
  m_CorrespondingSourceObject: {fileID: 0}
  m_PrefabInstance: {fileID: 0}
  m_PrefabAsset: {fileID: 0}
  m_GameObject: {fileID: 3352390123062492672}
  m_Enabled: 1
  serializedVersion: 3
  m_RenderMode: 2
  m_Camera: {fileID: 0}
  m_PlaneDistance: 100
  m_PixelPerfect: 0
  m_ReceivesEvents: 1
  m_OverrideSorting: 0
  m_OverridePixelPerfect: 0
  m_SortingBucketNormalizedSize: 0
  m_AdditionalShaderChannelsFlag: 25
  m_SortingLayerID: 0
  m_SortingOrder: 0
  m_TargetDisplay: 0
--- !u!114 &3671582981935597691
MonoBehaviour:
  m_ObjectHideFlags: 0
  m_CorrespondingSourceObject: {fileID: 0}
  m_PrefabInstance: {fileID: 0}
  m_PrefabAsset: {fileID: 0}
  m_GameObject: {fileID: 3352390123062492672}
  m_Enabled: 1
  m_EditorHideFlags: 0
  m_Script: {fileID: 11500000, guid: 0cd44c1031e13a943bb63640046fad76, type: 3}
  m_Name: 
  m_EditorClassIdentifier: 
  m_UiScaleMode: 0
  m_ReferencePixelsPerUnit: 100
  m_ScaleFactor: 1
  m_ReferenceResolution: {x: 800, y: 600}
  m_ScreenMatchMode: 0
  m_MatchWidthOrHeight: 0
  m_PhysicalUnit: 3
  m_FallbackScreenDPI: 96
  m_DefaultSpriteDPI: 96
  m_DynamicPixelsPerUnit: 1
--- !u!114 &3321605338716254833
MonoBehaviour:
  m_ObjectHideFlags: 0
  m_CorrespondingSourceObject: {fileID: 0}
  m_PrefabInstance: {fileID: 0}
  m_PrefabAsset: {fileID: 0}
  m_GameObject: {fileID: 3352390123062492672}
  m_Enabled: 1
  m_EditorHideFlags: 0
  m_Script: {fileID: 11500000, guid: dc42784cf147c0c48a680349fa168899, type: 3}
  m_Name: 
  m_EditorClassIdentifier: 
  m_IgnoreReversedGraphics: 1
  m_BlockingObjects: 0
  m_BlockingMask:
    serializedVersion: 2
    m_Bits: 4294967295
--- !u!114 &1182864899
MonoBehaviour:
  m_ObjectHideFlags: 0
  m_CorrespondingSourceObject: {fileID: 0}
  m_PrefabInstance: {fileID: 0}
  m_PrefabAsset: {fileID: 0}
  m_GameObject: {fileID: 3352390123062492672}
  m_Enabled: 1
  m_EditorHideFlags: 0
  m_Script: {fileID: 11500000, guid: 0d80125c6f5836546b153de53165029e, type: 3}
  m_Name: 
  m_EditorClassIdentifier: 
--- !u!1 &3368160898818583390
GameObject:
  m_ObjectHideFlags: 0
  m_CorrespondingSourceObject: {fileID: 0}
  m_PrefabInstance: {fileID: 0}
  m_PrefabAsset: {fileID: 0}
  serializedVersion: 6
  m_Component:
  - component: {fileID: 4793736528697344025}
  m_Layer: 0
  m_Name: mixamorig:LeftHandThumb4
  m_TagString: Untagged
  m_Icon: {fileID: 0}
  m_NavMeshLayer: 0
  m_StaticEditorFlags: 0
  m_IsActive: 1
--- !u!4 &4793736528697344025
Transform:
  m_ObjectHideFlags: 0
  m_CorrespondingSourceObject: {fileID: 0}
  m_PrefabInstance: {fileID: 0}
  m_PrefabAsset: {fileID: 0}
  m_GameObject: {fileID: 3368160898818583390}
  m_LocalRotation: {x: 0, y: -0, z: -0, w: 1}
  m_LocalPosition: {x: -0.0094185565, y: 0.059916444, z: 4.0284304e-10}
  m_LocalScale: {x: 1, y: 1, z: 1}
  m_Children: []
  m_Father: {fileID: 7227807307136626100}
  m_RootOrder: 0
  m_LocalEulerAnglesHint: {x: 0, y: 0, z: 0}
--- !u!1 &4192298826379665772
GameObject:
  m_ObjectHideFlags: 0
  m_CorrespondingSourceObject: {fileID: 0}
  m_PrefabInstance: {fileID: 0}
  m_PrefabAsset: {fileID: 0}
  serializedVersion: 6
  m_Component:
  - component: {fileID: 629294226234579478}
  - component: {fileID: 4135189175818206124}
  m_Layer: 0
  m_Name: HyperCasualCharacter
  m_TagString: Untagged
  m_Icon: {fileID: 0}
  m_NavMeshLayer: 0
  m_StaticEditorFlags: 0
  m_IsActive: 1
--- !u!4 &629294226234579478
Transform:
  m_ObjectHideFlags: 0
  m_CorrespondingSourceObject: {fileID: 0}
  m_PrefabInstance: {fileID: 0}
  m_PrefabAsset: {fileID: 0}
  m_GameObject: {fileID: 4192298826379665772}
  m_LocalRotation: {x: 0, y: -0, z: -0, w: 1}
  m_LocalPosition: {x: -0, y: 0, z: 0}
  m_LocalScale: {x: 1, y: 1, z: 1}
  m_Children: []
  m_Father: {fileID: 7896493294902712297}
  m_RootOrder: 0
  m_LocalEulerAnglesHint: {x: 0, y: 0, z: 0}
--- !u!137 &4135189175818206124
SkinnedMeshRenderer:
  m_ObjectHideFlags: 0
  m_CorrespondingSourceObject: {fileID: 0}
  m_PrefabInstance: {fileID: 0}
  m_PrefabAsset: {fileID: 0}
  m_GameObject: {fileID: 4192298826379665772}
  m_Enabled: 1
  m_CastShadows: 1
  m_ReceiveShadows: 1
  m_DynamicOccludee: 1
  m_MotionVectors: 1
  m_LightProbeUsage: 1
  m_ReflectionProbeUsage: 1
  m_RayTracingMode: 0
  m_RenderingLayerMask: 1
  m_RendererPriority: 0
  m_Materials:
  - {fileID: 2100000, guid: 2faf03f640c90443a918ed0a8251fba2, type: 2}
  m_StaticBatchInfo:
    firstSubMesh: 0
    subMeshCount: 0
  m_StaticBatchRoot: {fileID: 0}
  m_ProbeAnchor: {fileID: 0}
  m_LightProbeVolumeOverride: {fileID: 0}
  m_ScaleInLightmap: 1
  m_ReceiveGI: 1
  m_PreserveUVs: 0
  m_IgnoreNormalsForChartDetection: 0
  m_ImportantGI: 0
  m_StitchLightmapSeams: 1
  m_SelectedEditorRenderState: 3
  m_MinimumChartSize: 4
  m_AutoUVMaxDistance: 0.5
  m_AutoUVMaxAngle: 89
  m_LightmapParameters: {fileID: 0}
  m_SortingLayerID: 0
  m_SortingLayer: 0
  m_SortingOrder: 0
  serializedVersion: 2
  m_Quality: 0
  m_UpdateWhenOffscreen: 0
  m_SkinnedMotionVectors: 1
  m_Mesh: {fileID: -748383106398779080, guid: 65d8064dc64914f89b0e88cd6b660d1f, type: 3}
  m_Bones:
  - {fileID: 5442893697558180086}
  - {fileID: 4198176551922443066}
  - {fileID: 8001675861000396909}
  - {fileID: 920990280171212539}
  - {fileID: 3468659546156819905}
  - {fileID: 8676334860229360622}
  - {fileID: 3175446522542062676}
  - {fileID: 4321599835878393194}
  - {fileID: 3491193625446689808}
  - {fileID: 2433536015334406013}
  - {fileID: 5303880559801880065}
  - {fileID: 1963632945508106306}
  - {fileID: 8840827444756189190}
  - {fileID: 2714916086312731886}
  - {fileID: 658054582539376351}
  - {fileID: 5370492046979968563}
  - {fileID: 3716558852147003564}
  - {fileID: 34559057562377290}
  - {fileID: 864796588046626361}
  - {fileID: 7227807307136626100}
  - {fileID: 5389540279265792472}
  - {fileID: 586575657236973983}
  - {fileID: 4132889810205585159}
  - {fileID: 5299643041457571242}
  - {fileID: 8334737287174197194}
  - {fileID: 1961909189609698980}
  - {fileID: 2244290807266632956}
  - {fileID: 1870530289958520991}
  - {fileID: 2746518913955495640}
  - {fileID: 7092732659204478590}
  - {fileID: 4784791009196271274}
  - {fileID: 6480930614039791625}
  - {fileID: 3216199618869689152}
  - {fileID: 8201464993646821656}
  m_BlendShapeWeights: []
  m_RootBone: {fileID: 2433536015334406013}
  m_AABB:
    m_Center: {x: 0.002077341, y: 0.11656892, z: -0.003071919}
    m_Extent: {x: 1.343294, y: 1.3127359, z: 0.36927122}
  m_DirtyAABB: 0
--- !u!1 &4554693302009218185
GameObject:
  m_ObjectHideFlags: 0
  m_CorrespondingSourceObject: {fileID: 0}
  m_PrefabInstance: {fileID: 0}
  m_PrefabAsset: {fileID: 0}
  serializedVersion: 6
  m_Component:
  - component: {fileID: 1963632945508106306}
  m_Layer: 0
  m_Name: mixamorig:RightUpLeg
  m_TagString: Untagged
  m_Icon: {fileID: 0}
  m_NavMeshLayer: 0
  m_StaticEditorFlags: 0
  m_IsActive: 1
--- !u!4 &1963632945508106306
Transform:
  m_ObjectHideFlags: 0
  m_CorrespondingSourceObject: {fileID: 0}
  m_PrefabInstance: {fileID: 0}
  m_PrefabAsset: {fileID: 0}
  m_GameObject: {fileID: 4554693302009218185}
  m_LocalRotation: {x: 0.0008250093, y: 0.006374224, z: 0.9999153, w: -0.011319941}
  m_LocalPosition: {x: 0.112780645, y: -0.0845198, z: -0.008135629}
  m_LocalScale: {x: 1, y: 1, z: 1}
  m_Children:
  - {fileID: 2746518913955495640}
  m_Father: {fileID: 2433536015334406013}
  m_RootOrder: 1
  m_LocalEulerAnglesHint: {x: 0, y: 0, z: 0}
--- !u!1 &4630486111013827074
GameObject:
  m_ObjectHideFlags: 0
  m_CorrespondingSourceObject: {fileID: 0}
  m_PrefabInstance: {fileID: 0}
  m_PrefabAsset: {fileID: 0}
  serializedVersion: 6
  m_Component:
  - component: {fileID: 658054582539376351}
  m_Layer: 0
  m_Name: mixamorig:LeftLeg
  m_TagString: Untagged
  m_Icon: {fileID: 0}
  m_NavMeshLayer: 0
  m_StaticEditorFlags: 0
  m_IsActive: 1
--- !u!4 &658054582539376351
Transform:
  m_ObjectHideFlags: 0
  m_CorrespondingSourceObject: {fileID: 0}
  m_PrefabInstance: {fileID: 0}
  m_PrefabAsset: {fileID: 0}
  m_GameObject: {fileID: 4630486111013827074}
  m_LocalRotation: {x: -0.04065479, y: -0.0014173383, z: 0.023626195, w: 0.9988929}
  m_LocalPosition: {x: -6.961528e-11, y: 0.44130182, z: -5.57201e-10}
  m_LocalScale: {x: 1, y: 1, z: 1}
  m_Children:
  - {fileID: 5370492046979968563}
  m_Father: {fileID: 5303880559801880065}
  m_RootOrder: 0
  m_LocalEulerAnglesHint: {x: 0, y: 0, z: 0}
--- !u!1 &4727165879673125423
GameObject:
  m_ObjectHideFlags: 0
  m_CorrespondingSourceObject: {fileID: 0}
  m_PrefabInstance: {fileID: 0}
  m_PrefabAsset: {fileID: 0}
  serializedVersion: 6
  m_Component:
  - component: {fileID: 5303880559801880065}
  m_Layer: 0
  m_Name: mixamorig:LeftUpLeg
  m_TagString: Untagged
  m_Icon: {fileID: 0}
  m_NavMeshLayer: 0
  m_StaticEditorFlags: 0
  m_IsActive: 1
--- !u!4 &5303880559801880065
Transform:
  m_ObjectHideFlags: 0
  m_CorrespondingSourceObject: {fileID: 0}
  m_PrefabInstance: {fileID: 0}
  m_PrefabAsset: {fileID: 0}
  m_GameObject: {fileID: 4727165879673125423}
  m_LocalRotation: {x: -0.00079353113, y: 0.003565903, z: 0.9999291, w: 0.011339325}
  m_LocalPosition: {x: -0.112780645, y: -0.0845198, z: -0.006680102}
  m_LocalScale: {x: 1, y: 1, z: 1}
  m_Children:
  - {fileID: 658054582539376351}
  m_Father: {fileID: 2433536015334406013}
  m_RootOrder: 0
  m_LocalEulerAnglesHint: {x: 0, y: 0, z: 0}
--- !u!1 &4750615989814845254
GameObject:
  m_ObjectHideFlags: 0
  m_CorrespondingSourceObject: {fileID: 0}
  m_PrefabInstance: {fileID: 0}
  m_PrefabAsset: {fileID: 0}
  serializedVersion: 6
  m_Component:
  - component: {fileID: 6480930614039791625}
  m_Layer: 0
  m_Name: mixamorig:RightHandIndex2
  m_TagString: Untagged
  m_Icon: {fileID: 0}
  m_NavMeshLayer: 0
  m_StaticEditorFlags: 0
  m_IsActive: 1
--- !u!4 &6480930614039791625
Transform:
  m_ObjectHideFlags: 0
  m_CorrespondingSourceObject: {fileID: 0}
  m_PrefabInstance: {fileID: 0}
  m_PrefabAsset: {fileID: 0}
  m_GameObject: {fileID: 4750615989814845254}
  m_LocalRotation: {x: -0.00039154617, y: -0.00804107, z: 0.07601987, w: 0.9970738}
  m_LocalPosition: {x: -0.0028979164, y: 0.1056062, z: 3.3122774e-10}
  m_LocalScale: {x: 1, y: 1, z: 1}
  m_Children:
  - {fileID: 3216199618869689152}
  m_Father: {fileID: 1961909189609698980}
  m_RootOrder: 0
  m_LocalEulerAnglesHint: {x: 0, y: 0, z: 0}
--- !u!1 &4766573139509216710
GameObject:
  m_ObjectHideFlags: 0
  m_CorrespondingSourceObject: {fileID: 0}
  m_PrefabInstance: {fileID: 0}
  m_PrefabAsset: {fileID: 0}
  serializedVersion: 6
  m_Component:
  - component: {fileID: 1342115577697665412}
  m_Layer: 0
  m_Name: mixamorig:HeadTop_End
  m_TagString: Untagged
  m_Icon: {fileID: 0}
  m_NavMeshLayer: 0
  m_StaticEditorFlags: 0
  m_IsActive: 1
--- !u!4 &1342115577697665412
Transform:
  m_ObjectHideFlags: 0
  m_CorrespondingSourceObject: {fileID: 0}
  m_PrefabInstance: {fileID: 0}
  m_PrefabAsset: {fileID: 0}
  m_GameObject: {fileID: 4766573139509216710}
  m_LocalRotation: {x: 0, y: -0, z: -0, w: 1}
  m_LocalPosition: {x: -0, y: 0.5419391, z: 0.14731836}
  m_LocalScale: {x: 1, y: 1, z: 1}
  m_Children: []
  m_Father: {fileID: 4321599835878393194}
  m_RootOrder: 0
  m_LocalEulerAnglesHint: {x: 0, y: 0, z: 0}
--- !u!1 &5586621826906812943
GameObject:
  m_ObjectHideFlags: 0
  m_CorrespondingSourceObject: {fileID: 0}
  m_PrefabInstance: {fileID: 0}
  m_PrefabAsset: {fileID: 0}
  serializedVersion: 6
  m_Component:
  - component: {fileID: 5442893697558180086}
  m_Layer: 0
  m_Name: mixamorig:LeftShoulder
  m_TagString: Untagged
  m_Icon: {fileID: 0}
  m_NavMeshLayer: 0
  m_StaticEditorFlags: 0
  m_IsActive: 1
--- !u!4 &5442893697558180086
Transform:
  m_ObjectHideFlags: 0
  m_CorrespondingSourceObject: {fileID: 0}
  m_PrefabInstance: {fileID: 0}
  m_PrefabAsset: {fileID: 0}
  m_GameObject: {fileID: 5586621826906812943}
  m_LocalRotation: {x: 0.5618412, y: -0.4253566, z: 0.57493937, w: 0.41575348}
  m_LocalPosition: {x: -0.08977605, y: 0.20127878, z: -0.0020997433}
  m_LocalScale: {x: 1, y: 1, z: 1}
  m_Children:
  - {fileID: 4198176551922443066}
  m_Father: {fileID: 8001675861000396909}
  m_RootOrder: 0
  m_LocalEulerAnglesHint: {x: 0, y: 0, z: 0}
--- !u!1 &5742339031478656259
GameObject:
  m_ObjectHideFlags: 0
  m_CorrespondingSourceObject: {fileID: 0}
  m_PrefabInstance: {fileID: 0}
  m_PrefabAsset: {fileID: 0}
  serializedVersion: 6
  m_Component:
  - component: {fileID: 8334737287174197194}
  m_Layer: 0
  m_Name: mixamorig:RightHand
  m_TagString: Untagged
  m_Icon: {fileID: 0}
  m_NavMeshLayer: 0
  m_StaticEditorFlags: 0
  m_IsActive: 1
--- !u!4 &8334737287174197194
Transform:
  m_ObjectHideFlags: 0
  m_CorrespondingSourceObject: {fileID: 0}
  m_PrefabInstance: {fileID: 0}
  m_PrefabAsset: {fileID: 0}
  m_GameObject: {fileID: 5742339031478656259}
  m_LocalRotation: {x: -0.0035325328, y: 0.23883395, z: 0.00086894503, w: 0.9710536}
  m_LocalPosition: {x: -1.6697836e-10, y: 0.32701573, z: 2.1098855e-11}
  m_LocalScale: {x: 1, y: 1, z: 1}
  m_Children:
  - {fileID: 1961909189609698980}
  - {fileID: 2244290807266632956}
  m_Father: {fileID: 5299643041457571242}
  m_RootOrder: 0
  m_LocalEulerAnglesHint: {x: 0, y: 0, z: 0}
--- !u!1 &5823876725136798379
GameObject:
  m_ObjectHideFlags: 0
  m_CorrespondingSourceObject: {fileID: 0}
  m_PrefabInstance: {fileID: 0}
  m_PrefabAsset: {fileID: 0}
  serializedVersion: 6
  m_Component:
  - component: {fileID: 8201464993646821656}
  m_Layer: 0
  m_Name: mixamorig:RightHandThumb3
  m_TagString: Untagged
  m_Icon: {fileID: 0}
  m_NavMeshLayer: 0
  m_StaticEditorFlags: 0
  m_IsActive: 1
--- !u!4 &8201464993646821656
Transform:
  m_ObjectHideFlags: 0
  m_CorrespondingSourceObject: {fileID: 0}
  m_PrefabInstance: {fileID: 0}
  m_PrefabAsset: {fileID: 0}
  m_GameObject: {fileID: 5823876725136798379}
  m_LocalRotation: {x: 0.00004230365, y: 0.0010137195, z: 0.14001259, w: 0.9901492}
  m_LocalPosition: {x: -0.007350799, y: 0.07410567, z: -0.0000000013605492}
  m_LocalScale: {x: 1, y: 1, z: 1}
  m_Children:
  - {fileID: 7592586629483598666}
  m_Father: {fileID: 1870530289958520991}
  m_RootOrder: 0
  m_LocalEulerAnglesHint: {x: 0, y: 0, z: 0}
--- !u!1 &5983237306619469107
GameObject:
  m_ObjectHideFlags: 0
  m_CorrespondingSourceObject: {fileID: 0}
  m_PrefabInstance: {fileID: 0}
  m_PrefabAsset: {fileID: 0}
  serializedVersion: 6
  m_Component:
  - component: {fileID: 7227807307136626100}
  m_Layer: 0
  m_Name: mixamorig:LeftHandThumb3
  m_TagString: Untagged
  m_Icon: {fileID: 0}
  m_NavMeshLayer: 0
  m_StaticEditorFlags: 0
  m_IsActive: 1
--- !u!4 &7227807307136626100
Transform:
  m_ObjectHideFlags: 0
  m_CorrespondingSourceObject: {fileID: 0}
  m_PrefabInstance: {fileID: 0}
  m_PrefabAsset: {fileID: 0}
  m_GameObject: {fileID: 5983237306619469107}
  m_LocalRotation: {x: -0.000032184365, y: 0.0011711603, z: -0.12824923, w: 0.9917413}
  m_LocalPosition: {x: 0.0076492196, y: 0.075265035, z: 0.0000000017640988}
  m_LocalScale: {x: 1, y: 1, z: 1}
  m_Children:
  - {fileID: 4793736528697344025}
  m_Father: {fileID: 5389540279265792472}
  m_RootOrder: 0
  m_LocalEulerAnglesHint: {x: 0, y: 0, z: 0}
--- !u!1 &6088306601618962894
GameObject:
  m_ObjectHideFlags: 0
  m_CorrespondingSourceObject: {fileID: 0}
  m_PrefabInstance: {fileID: 0}
  m_PrefabAsset: {fileID: 0}
  serializedVersion: 6
  m_Component:
  - component: {fileID: 3468659546156819905}
  m_Layer: 0
  m_Name: mixamorig:LeftHand
  m_TagString: Untagged
  m_Icon: {fileID: 0}
  m_NavMeshLayer: 0
  m_StaticEditorFlags: 0
  m_IsActive: 1
--- !u!4 &3468659546156819905
Transform:
  m_ObjectHideFlags: 0
  m_CorrespondingSourceObject: {fileID: 0}
  m_PrefabInstance: {fileID: 0}
  m_PrefabAsset: {fileID: 0}
  m_GameObject: {fileID: 6088306601618962894}
  m_LocalRotation: {x: -0.0032536855, y: -0.2117607, z: -0.00070470385, w: 0.9773159}
  m_LocalPosition: {x: 1.7215945e-10, y: 0.32710502, z: 4.346475e-11}
  m_LocalScale: {x: 1, y: 1, z: 1}
  m_Children:
  - {fileID: 8676334860229360622}
  - {fileID: 3175446522542062676}
  m_Father: {fileID: 920990280171212539}
  m_RootOrder: 0
  m_LocalEulerAnglesHint: {x: 0, y: 0, z: 0}
--- !u!1 &6142613619031977951
GameObject:
  m_ObjectHideFlags: 0
  m_CorrespondingSourceObject: {fileID: 0}
  m_PrefabInstance: {fileID: 0}
  m_PrefabAsset: {fileID: 0}
  serializedVersion: 6
  m_Component:
  - component: {fileID: 8676334860229360622}
  m_Layer: 0
  m_Name: mixamorig:LeftHandIndex1
  m_TagString: Untagged
  m_Icon: {fileID: 0}
  m_NavMeshLayer: 0
  m_StaticEditorFlags: 0
  m_IsActive: 1
--- !u!4 &8676334860229360622
Transform:
  m_ObjectHideFlags: 0
  m_CorrespondingSourceObject: {fileID: 0}
  m_PrefabInstance: {fileID: 0}
  m_PrefabAsset: {fileID: 0}
  m_GameObject: {fileID: 6142613619031977951}
  m_LocalRotation: {x: 0.0032970908, y: 0.0016280246, z: -0.019920642, w: 0.99979484}
  m_LocalPosition: {x: 3.4817843e-10, y: 0.14297557, z: 0.0009518926}
  m_LocalScale: {x: 1, y: 1, z: 1}
  m_Children:
  - {fileID: 34559057562377290}
  m_Father: {fileID: 3468659546156819905}
  m_RootOrder: 0
  m_LocalEulerAnglesHint: {x: 0, y: 0, z: 0}
--- !u!1 &6321890787303146159
GameObject:
  m_ObjectHideFlags: 0
  m_CorrespondingSourceObject: {fileID: 0}
  m_PrefabInstance: {fileID: 0}
  m_PrefabAsset: {fileID: 0}
  serializedVersion: 6
  m_Component:
  - component: {fileID: 3216199618869689152}
  m_Layer: 0
  m_Name: mixamorig:RightHandIndex3
  m_TagString: Untagged
  m_Icon: {fileID: 0}
  m_NavMeshLayer: 0
  m_StaticEditorFlags: 0
  m_IsActive: 1
--- !u!4 &3216199618869689152
Transform:
  m_ObjectHideFlags: 0
  m_CorrespondingSourceObject: {fileID: 0}
  m_PrefabInstance: {fileID: 0}
  m_PrefabAsset: {fileID: 0}
  m_GameObject: {fileID: 6321890787303146159}
  m_LocalRotation: {x: 0.0000266283, y: 0.0025793663, z: -0.11426697, w: 0.9934467}
  m_LocalPosition: {x: 0.010714599, y: 0.085441485, z: -2.9973052e-10}
  m_LocalScale: {x: 1, y: 1, z: 1}
  m_Children:
  - {fileID: 293450480827699679}
  m_Father: {fileID: 6480930614039791625}
  m_RootOrder: 0
  m_LocalEulerAnglesHint: {x: 0, y: 0, z: 0}
--- !u!1 &6356426538456171019
GameObject:
  m_ObjectHideFlags: 0
  m_CorrespondingSourceObject: {fileID: 0}
  m_PrefabInstance: {fileID: 0}
  m_PrefabAsset: {fileID: 0}
  serializedVersion: 6
  m_Component:
  - component: {fileID: 293450480827699679}
  m_Layer: 0
  m_Name: mixamorig:RightHandIndex4
  m_TagString: Untagged
  m_Icon: {fileID: 0}
  m_NavMeshLayer: 0
  m_StaticEditorFlags: 0
  m_IsActive: 1
--- !u!4 &293450480827699679
Transform:
  m_ObjectHideFlags: 0
  m_CorrespondingSourceObject: {fileID: 0}
  m_PrefabInstance: {fileID: 0}
  m_PrefabAsset: {fileID: 0}
  m_GameObject: {fileID: 6356426538456171019}
  m_LocalRotation: {x: 0, y: -0, z: -0, w: 1}
  m_LocalPosition: {x: -0.0078166835, y: 0.07469086, z: -2.072116e-10}
  m_LocalScale: {x: 1, y: 1, z: 1}
  m_Children: []
  m_Father: {fileID: 3216199618869689152}
  m_RootOrder: 0
  m_LocalEulerAnglesHint: {x: 0, y: 0, z: 0}
--- !u!1 &6399092774179737749
GameObject:
  m_ObjectHideFlags: 0
  m_CorrespondingSourceObject: {fileID: 0}
  m_PrefabInstance: {fileID: 0}
  m_PrefabAsset: {fileID: 0}
  serializedVersion: 6
  m_Component:
  - component: {fileID: 4784791009196271274}
  m_Layer: 0
  m_Name: mixamorig:RightToeBase
  m_TagString: Untagged
  m_Icon: {fileID: 0}
  m_NavMeshLayer: 0
  m_StaticEditorFlags: 0
  m_IsActive: 1
--- !u!4 &4784791009196271274
Transform:
  m_ObjectHideFlags: 0
  m_CorrespondingSourceObject: {fileID: 0}
  m_PrefabInstance: {fileID: 0}
  m_PrefabAsset: {fileID: 0}
  m_GameObject: {fileID: 6399092774179737749}
  m_LocalRotation: {x: 0.3731165, y: 0.054961424, z: -0.022148417, w: 0.92589027}
  m_LocalPosition: {x: 0.000000001931206, y: 0.1540142, z: -0.000000007723297}
  m_LocalScale: {x: 1, y: 1, z: 1}
  m_Children:
  - {fileID: 412971876973807112}
  m_Father: {fileID: 7092732659204478590}
  m_RootOrder: 0
  m_LocalEulerAnglesHint: {x: 0, y: 0, z: 0}
--- !u!1 &6688459458622072137
GameObject:
  m_ObjectHideFlags: 0
  m_CorrespondingSourceObject: {fileID: 0}
  m_PrefabInstance: {fileID: 0}
  m_PrefabAsset: {fileID: 0}
  serializedVersion: 6
  m_Component:
  - component: {fileID: 920990280171212539}
  m_Layer: 0
  m_Name: mixamorig:LeftForeArm
  m_TagString: Untagged
  m_Icon: {fileID: 0}
  m_NavMeshLayer: 0
  m_StaticEditorFlags: 0
  m_IsActive: 1
--- !u!4 &920990280171212539
Transform:
  m_ObjectHideFlags: 0
  m_CorrespondingSourceObject: {fileID: 0}
  m_PrefabInstance: {fileID: 0}
  m_PrefabAsset: {fileID: 0}
  m_GameObject: {fileID: 6688459458622072137}
  m_LocalRotation: {x: -0.00000047543668, y: 0.00019116713, z: 0.00000023958702, w: 1}
  m_LocalPosition: {x: -0.0000000010314707, y: 0.33222002, z: 0.0000000010680344}
  m_LocalScale: {x: 1, y: 1, z: 1}
  m_Children:
  - {fileID: 3468659546156819905}
  m_Father: {fileID: 4198176551922443066}
  m_RootOrder: 0
  m_LocalEulerAnglesHint: {x: 0, y: 0, z: 0}
--- !u!1 &6717620994962983710
GameObject:
  m_ObjectHideFlags: 0
  m_CorrespondingSourceObject: {fileID: 0}
  m_PrefabInstance: {fileID: 0}
  m_PrefabAsset: {fileID: 0}
  serializedVersion: 6
  m_Component:
  - component: {fileID: 7369650487515174044}
  m_Layer: 0
  m_Name: mixamorig:LeftHandIndex4
  m_TagString: Untagged
  m_Icon: {fileID: 0}
  m_NavMeshLayer: 0
  m_StaticEditorFlags: 0
  m_IsActive: 1
--- !u!4 &7369650487515174044
Transform:
  m_ObjectHideFlags: 0
  m_CorrespondingSourceObject: {fileID: 0}
  m_PrefabInstance: {fileID: 0}
  m_PrefabAsset: {fileID: 0}
  m_GameObject: {fileID: 6717620994962983710}
  m_LocalRotation: {x: 0, y: -0, z: -0, w: 1}
  m_LocalPosition: {x: 0.006691652, y: 0.06779927, z: -0.0000000011223431}
  m_LocalScale: {x: 1, y: 1, z: 1}
  m_Children: []
  m_Father: {fileID: 864796588046626361}
  m_RootOrder: 0
  m_LocalEulerAnglesHint: {x: 0, y: 0, z: 0}
--- !u!1 &6771224977946920314
GameObject:
  m_ObjectHideFlags: 0
  m_CorrespondingSourceObject: {fileID: 0}
  m_PrefabInstance: {fileID: 0}
  m_PrefabAsset: {fileID: 0}
  serializedVersion: 6
  m_Component:
  - component: {fileID: 3491193625446689808}
  m_Layer: 0
  m_Name: mixamorig:Neck
  m_TagString: Untagged
  m_Icon: {fileID: 0}
  m_NavMeshLayer: 0
  m_StaticEditorFlags: 0
  m_IsActive: 1
--- !u!4 &3491193625446689808
Transform:
  m_ObjectHideFlags: 0
  m_CorrespondingSourceObject: {fileID: 0}
  m_PrefabInstance: {fileID: 0}
  m_PrefabAsset: {fileID: 0}
  m_GameObject: {fileID: 6771224977946920314}
  m_LocalRotation: {x: 0.04529385, y: 3.2290532e-14, z: 2.2907132e-13, w: 0.9989737}
  m_LocalPosition: {x: -0, y: 0.2291767, z: 0.0000000015976286}
  m_LocalScale: {x: 1, y: 1, z: 1}
  m_Children:
  - {fileID: 4321599835878393194}
  m_Father: {fileID: 8001675861000396909}
  m_RootOrder: 1
  m_LocalEulerAnglesHint: {x: 0, y: 0, z: 0}
--- !u!1 &7237615917665573239
GameObject:
  m_ObjectHideFlags: 0
  m_CorrespondingSourceObject: {fileID: 0}
  m_PrefabInstance: {fileID: 0}
  m_PrefabAsset: {fileID: 0}
  serializedVersion: 6
  m_Component:
  - component: {fileID: 7592586629483598666}
  m_Layer: 0
  m_Name: mixamorig:RightHandThumb4
  m_TagString: Untagged
  m_Icon: {fileID: 0}
  m_NavMeshLayer: 0
  m_StaticEditorFlags: 0
  m_IsActive: 1
--- !u!4 &7592586629483598666
Transform:
  m_ObjectHideFlags: 0
  m_CorrespondingSourceObject: {fileID: 0}
  m_PrefabInstance: {fileID: 0}
  m_PrefabAsset: {fileID: 0}
  m_GameObject: {fileID: 7237615917665573239}
  m_LocalRotation: {x: 0, y: -0, z: -0, w: 1}
  m_LocalPosition: {x: 0.011395795, y: 0.061895914, z: 3.0727393e-10}
  m_LocalScale: {x: 1, y: 1, z: 1}
  m_Children: []
  m_Father: {fileID: 8201464993646821656}
  m_RootOrder: 0
  m_LocalEulerAnglesHint: {x: 0, y: 0, z: 0}
--- !u!1 &7285209227964952072
GameObject:
  m_ObjectHideFlags: 0
  m_CorrespondingSourceObject: {fileID: 0}
  m_PrefabInstance: {fileID: 0}
  m_PrefabAsset: {fileID: 0}
  serializedVersion: 6
  m_Component:
  - component: {fileID: 2433536015334406013}
  m_Layer: 0
  m_Name: mixamorig:Hips
  m_TagString: Untagged
  m_Icon: {fileID: 0}
  m_NavMeshLayer: 0
  m_StaticEditorFlags: 0
  m_IsActive: 1
--- !u!4 &2433536015334406013
Transform:
  m_ObjectHideFlags: 0
  m_CorrespondingSourceObject: {fileID: 0}
  m_PrefabInstance: {fileID: 0}
  m_PrefabAsset: {fileID: 0}
  m_GameObject: {fileID: 7285209227964952072}
  m_LocalRotation: {x: 0.00000005276847, y: -0.00000020933157, z: 0.000008174831,
    w: 1}
  m_LocalPosition: {x: 0, y: 1.0378153, z: 0}
  m_LocalScale: {x: 1, y: 1, z: 1}
  m_Children:
  - {fileID: 5303880559801880065}
  - {fileID: 1963632945508106306}
  - {fileID: 2714916086312731886}
  m_Father: {fileID: 7896493294902712297}
  m_RootOrder: 1
  m_LocalEulerAnglesHint: {x: 0, y: 0, z: 0}
--- !u!1 &7412408752778661203
GameObject:
  m_ObjectHideFlags: 0
  m_CorrespondingSourceObject: {fileID: 0}
  m_PrefabInstance: {fileID: 0}
  m_PrefabAsset: {fileID: 0}
  serializedVersion: 6
  m_Component:
  - component: {fileID: 7896493294902712297}
  - component: {fileID: 4284565937217326483}
  - component: {fileID: 1914348935974648931}
  - component: {fileID: 5537133770990881013}
  - component: {fileID: 6593872075147403047}
  - component: {fileID: 4483381337413165634}
  - component: {fileID: 3020749992980684873}
  - component: {fileID: 1310990507}
  - component: {fileID: 4788961822052720920}
  - component: {fileID: 1310990508}
  - component: {fileID: 2089374211363803341}
  m_Layer: 0
  m_Name: HyperCasualCharacter
  m_TagString: bot
  m_Icon: {fileID: 0}
  m_NavMeshLayer: 0
  m_StaticEditorFlags: 0
  m_IsActive: 1
--- !u!4 &7896493294902712297
Transform:
  m_ObjectHideFlags: 0
  m_CorrespondingSourceObject: {fileID: 0}
  m_PrefabInstance: {fileID: 0}
  m_PrefabAsset: {fileID: 0}
  m_GameObject: {fileID: 7412408752778661203}
  m_LocalRotation: {x: 0, y: -0.7071068, z: 0, w: 0.7071068}
  m_LocalPosition: {x: 0, y: 0, z: 0}
  m_LocalScale: {x: 1, y: 1, z: 1}
  m_Children:
  - {fileID: 629294226234579478}
  - {fileID: 2433536015334406013}
  - {fileID: 7860345414099667041}
  - {fileID: 4111547460268658886}
  - {fileID: 342623484483915259}
  - {fileID: 7986016012591685195}
  - {fileID: 2890051663546089858}
  m_Father: {fileID: 0}
  m_RootOrder: 0
  m_LocalEulerAnglesHint: {x: 0, y: -90, z: 0}
--- !u!95 &4284565937217326483
Animator:
  serializedVersion: 3
  m_ObjectHideFlags: 0
  m_CorrespondingSourceObject: {fileID: 0}
  m_PrefabInstance: {fileID: 0}
  m_PrefabAsset: {fileID: 0}
  m_GameObject: {fileID: 7412408752778661203}
  m_Enabled: 1
  m_Avatar: {fileID: 9000000, guid: 65d8064dc64914f89b0e88cd6b660d1f, type: 3}
  m_Controller: {fileID: 9100000, guid: a82f8144963ab43c1b94e4a56d87d550, type: 2}
  m_CullingMode: 1
  m_UpdateMode: 0
  m_ApplyRootMotion: 1
  m_LinearVelocityBlending: 0
  m_WarningMessage: 
  m_HasTransformHierarchy: 1
  m_AllowConstantClipSamplingOptimization: 1
  m_KeepAnimatorControllerStateOnDisable: 0
--- !u!114 &1914348935974648931
MonoBehaviour:
  m_ObjectHideFlags: 0
  m_CorrespondingSourceObject: {fileID: 0}
  m_PrefabInstance: {fileID: 0}
  m_PrefabAsset: {fileID: 0}
  m_GameObject: {fileID: 7412408752778661203}
  m_Enabled: 0
  m_EditorHideFlags: 0
  m_Script: {fileID: 11500000, guid: 0843158ad698e7440b9b9985ed8ded47, type: 3}
  m_Name: 
  m_EditorClassIdentifier: 
  speedGauge: {fileID: 0}
  cameraController: {fileID: 0}
  dirivedLevelController: {fileID: 0}
  turnSpeed: 10
  runSpeed: 1
  sensitivity: 100
  zClampMod: 5.5
--- !u!114 &5537133770990881013
MonoBehaviour:
  m_ObjectHideFlags: 0
  m_CorrespondingSourceObject: {fileID: 0}
  m_PrefabInstance: {fileID: 0}
  m_PrefabAsset: {fileID: 0}
  m_GameObject: {fileID: 7412408752778661203}
  m_Enabled: 1
  m_EditorHideFlags: 0
  m_Script: {fileID: 11500000, guid: cddcbbee6589aa54597d922643b4b05a, type: 3}
  m_Name: 
  m_EditorClassIdentifier: 
  startingScore: 900
  scoreDisplayController: {fileID: 730648714}
--- !u!114 &6593872075147403047
MonoBehaviour:
  m_ObjectHideFlags: 0
  m_CorrespondingSourceObject: {fileID: 0}
  m_PrefabInstance: {fileID: 0}
  m_PrefabAsset: {fileID: 0}
  m_GameObject: {fileID: 7412408752778661203}
  m_Enabled: 1
  m_EditorHideFlags: 0
  m_Script: {fileID: 11500000, guid: a620690062272b044a982ec8fc32f7cf, type: 3}
  m_Name: 
  m_EditorClassIdentifier: 
  checkpoints:
  - {fileID: 0}
  - {fileID: 0}
  - {fileID: 0}
--- !u!54 &4483381337413165634
Rigidbody:
  m_ObjectHideFlags: 0
  m_CorrespondingSourceObject: {fileID: 0}
  m_PrefabInstance: {fileID: 0}
  m_PrefabAsset: {fileID: 0}
  m_GameObject: {fileID: 7412408752778661203}
  serializedVersion: 2
  m_Mass: 1
  m_Drag: 0
  m_AngularDrag: 0
  m_UseGravity: 0
  m_IsKinematic: 0
  m_Interpolate: 0
  m_Constraints: 84
  m_CollisionDetection: 0
--- !u!136 &3020749992980684873
CapsuleCollider:
  m_ObjectHideFlags: 0
  m_CorrespondingSourceObject: {fileID: 0}
  m_PrefabInstance: {fileID: 0}
  m_PrefabAsset: {fileID: 0}
  m_GameObject: {fileID: 7412408752778661203}
  m_Material: {fileID: 0}
  m_IsTrigger: 0
  m_Enabled: 1
  m_Radius: 0.7
  m_Height: 4
  m_Direction: 1
  m_Center: {x: 0, y: 1.2, z: 0}
--- !u!114 &1310990507
MonoBehaviour:
  m_ObjectHideFlags: 0
  m_CorrespondingSourceObject: {fileID: 0}
  m_PrefabInstance: {fileID: 0}
  m_PrefabAsset: {fileID: 0}
  m_GameObject: {fileID: 7412408752778661203}
  m_Enabled: 0
  m_EditorHideFlags: 0
  m_Script: {fileID: 11500000, guid: 008fb4be946ab364cb111e60ae4297f6, type: 3}
  m_Name: 
  m_EditorClassIdentifier: 
  speedGauge: {fileID: 0}
  minVelocity: 0.1
  maxVelocity: 0.5
--- !u!114 &4788961822052720920
MonoBehaviour:
  m_ObjectHideFlags: 0
  m_CorrespondingSourceObject: {fileID: 0}
  m_PrefabInstance: {fileID: 0}
  m_PrefabAsset: {fileID: 0}
  m_GameObject: {fileID: 7412408752778661203}
  m_Enabled: 1
  m_EditorHideFlags: 0
  m_Script: {fileID: 11500000, guid: 8d1c5032e830b95449938d0c86dc4a28, type: 3}
  m_Name: 
  m_EditorClassIdentifier: 
  decidePos: {fileID: 0}
  vehicleList:
  - {fileID: 0}
  - {fileID: 0}
  - {fileID: 0}
--- !u!114 &1310990508
MonoBehaviour:
  m_ObjectHideFlags: 0
  m_CorrespondingSourceObject: {fileID: 0}
  m_PrefabInstance: {fileID: 0}
  m_PrefabAsset: {fileID: 0}
  m_GameObject: {fileID: 7412408752778661203}
  m_Enabled: 0
  m_EditorHideFlags: 0
  m_Script: {fileID: 11500000, guid: 0d80125c6f5836546b153de53165029e, type: 3}
  m_Name: 
  m_EditorClassIdentifier: 
--- !u!195 &2089374211363803341
NavMeshAgent:
  m_ObjectHideFlags: 0
  m_CorrespondingSourceObject: {fileID: 0}
  m_PrefabInstance: {fileID: 0}
  m_PrefabAsset: {fileID: 0}
  m_GameObject: {fileID: 7412408752778661203}
  m_Enabled: 0
  m_AgentTypeID: 0
  m_Radius: 0.5
  m_Speed: 5
  m_Acceleration: 8
  avoidancePriority: 50
  m_AngularSpeed: 1000
  m_StoppingDistance: 0
  m_AutoTraverseOffMeshLink: 1
  m_AutoBraking: 1
  m_AutoRepath: 1
  m_Height: 2
  m_BaseOffset: 0
  m_WalkableMask: 4294967295
  m_ObstacleAvoidanceType: 4
--- !u!1 &7494097354577556036
GameObject:
  m_ObjectHideFlags: 0
  m_CorrespondingSourceObject: {fileID: 0}
  m_PrefabInstance: {fileID: 0}
  m_PrefabAsset: {fileID: 0}
  serializedVersion: 6
  m_Component:
  - component: {fileID: 4132889810205585159}
  m_Layer: 0
  m_Name: mixamorig:RightArm
  m_TagString: Untagged
  m_Icon: {fileID: 0}
  m_NavMeshLayer: 0
  m_StaticEditorFlags: 0
  m_IsActive: 1
--- !u!4 &4132889810205585159
Transform:
  m_ObjectHideFlags: 0
  m_CorrespondingSourceObject: {fileID: 0}
  m_PrefabInstance: {fileID: 0}
  m_PrefabAsset: {fileID: 0}
  m_GameObject: {fileID: 7494097354577556036}
  m_LocalRotation: {x: -0.14743693, y: 0.0052673216, z: 0.015694203, w: 0.9889329}
  m_LocalPosition: {x: 4.5952891e-10, y: 0.18762243, z: 0.000000004112334}
  m_LocalScale: {x: 1, y: 1, z: 1}
  m_Children:
  - {fileID: 5299643041457571242}
  m_Father: {fileID: 586575657236973983}
  m_RootOrder: 0
  m_LocalEulerAnglesHint: {x: 0, y: 0, z: 0}
--- !u!1 &7526999623535914210
GameObject:
  m_ObjectHideFlags: 0
  m_CorrespondingSourceObject: {fileID: 0}
  m_PrefabInstance: {fileID: 0}
  m_PrefabAsset: {fileID: 0}
  serializedVersion: 6
  m_Component:
  - component: {fileID: 5376125512643169331}
  - component: {fileID: 4253643434620992980}
  - component: {fileID: 6152795369830818561}
  - component: {fileID: 730648714}
  m_Layer: 5
  m_Name: Text (TMP)
  m_TagString: Untagged
  m_Icon: {fileID: 0}
  m_NavMeshLayer: 0
  m_StaticEditorFlags: 0
  m_IsActive: 1
--- !u!224 &5376125512643169331
RectTransform:
  m_ObjectHideFlags: 0
  m_CorrespondingSourceObject: {fileID: 0}
  m_PrefabInstance: {fileID: 0}
  m_PrefabAsset: {fileID: 0}
  m_GameObject: {fileID: 7526999623535914210}
  m_LocalRotation: {x: 0, y: 0, z: 0, w: 1}
  m_LocalPosition: {x: 0, y: 0, z: 0}
  m_LocalScale: {x: 1.0928105, y: 7.2053328, z: 1.0928105}
  m_Children: []
  m_Father: {fileID: 7860345414099667041}
  m_RootOrder: 0
  m_LocalEulerAnglesHint: {x: 0, y: 0, z: 0}
  m_AnchorMin: {x: 0.5, y: 0.5}
  m_AnchorMax: {x: 0.5, y: 0.5}
  m_AnchoredPosition: {x: 0, y: 0}
  m_SizeDelta: {x: 200, y: 50}
  m_Pivot: {x: 0.5, y: 0.5}
--- !u!222 &4253643434620992980
CanvasRenderer:
  m_ObjectHideFlags: 0
  m_CorrespondingSourceObject: {fileID: 0}
  m_PrefabInstance: {fileID: 0}
  m_PrefabAsset: {fileID: 0}
  m_GameObject: {fileID: 7526999623535914210}
  m_CullTransparentMesh: 1
--- !u!114 &6152795369830818561
MonoBehaviour:
  m_ObjectHideFlags: 0
  m_CorrespondingSourceObject: {fileID: 0}
  m_PrefabInstance: {fileID: 0}
  m_PrefabAsset: {fileID: 0}
  m_GameObject: {fileID: 7526999623535914210}
  m_Enabled: 1
  m_EditorHideFlags: 0
  m_Script: {fileID: 11500000, guid: f4688fdb7df04437aeb418b961361dc5, type: 3}
  m_Name: 
  m_EditorClassIdentifier: 
  m_Material: {fileID: 0}
  m_Color: {r: 1, g: 1, b: 1, a: 1}
  m_RaycastTarget: 1
  m_Maskable: 1
  m_OnCullStateChanged:
    m_PersistentCalls:
      m_Calls: []
  m_text: $0
  m_isRightToLeft: 0
  m_fontAsset: {fileID: 11400000, guid: 8f586378b4e144a9851e7b34d9b748ee, type: 2}
  m_sharedMaterial: {fileID: 2180264, guid: 8f586378b4e144a9851e7b34d9b748ee, type: 2}
  m_fontSharedMaterials: []
  m_fontMaterial: {fileID: 0}
  m_fontMaterials: []
  m_fontColor32:
    serializedVersion: 2
    rgba: 4279351570
  m_fontColor: {r: 0.07135321, g: 0.7264151, b: 0.06852972, a: 1}
  m_enableVertexGradient: 0
  m_colorMode: 3
  m_fontColorGradient:
    topLeft: {r: 1, g: 1, b: 1, a: 1}
    topRight: {r: 1, g: 1, b: 1, a: 1}
    bottomLeft: {r: 1, g: 1, b: 1, a: 1}
    bottomRight: {r: 1, g: 1, b: 1, a: 1}
  m_fontColorGradientPreset: {fileID: 0}
  m_spriteAsset: {fileID: 0}
  m_tintAllSprites: 0
  m_StyleSheet: {fileID: 0}
  m_TextStyleHashCode: -1183493901
  m_overrideHtmlColors: 0
  m_faceColor:
    serializedVersion: 2
    rgba: 4294967295
  m_fontSize: 32.15
  m_fontSizeBase: 32.15
  m_fontWeight: 400
  m_enableAutoSizing: 0
  m_fontSizeMin: 18
  m_fontSizeMax: 72
  m_fontStyle: 1
  m_HorizontalAlignment: 2
  m_VerticalAlignment: 512
  m_textAlignment: 65535
  m_characterSpacing: 0
  m_wordSpacing: 0
  m_lineSpacing: 0
  m_lineSpacingMax: 0
  m_paragraphSpacing: 0
  m_charWidthMaxAdj: 0
  m_enableWordWrapping: 1
  m_wordWrappingRatios: 0.4
  m_overflowMode: 0
  m_linkedTextComponent: {fileID: 0}
  parentLinkedComponent: {fileID: 0}
  m_enableKerning: 1
  m_enableExtraPadding: 0
  checkPaddingRequired: 0
  m_isRichText: 1
  m_parseCtrlCharacters: 1
  m_isOrthographic: 1
  m_isCullingEnabled: 0
  m_horizontalMapping: 0
  m_verticalMapping: 0
  m_uvLineOffset: 0
  m_geometrySortingOrder: 0
  m_IsTextObjectScaleStatic: 0
  m_VertexBufferAutoSizeReduction: 0
  m_useMaxVisibleDescender: 1
  m_pageToDisplay: 1
  m_margin: {x: 0, y: 0, z: 0, w: 0}
  m_isUsingLegacyAnimationComponent: 0
  m_isVolumetricText: 0
  m_hasFontAssetChanged: 0
  m_baseMaterial: {fileID: 0}
  m_maskOffset: {x: 0, y: 0, z: 0, w: 0}
--- !u!114 &730648714
MonoBehaviour:
  m_ObjectHideFlags: 0
  m_CorrespondingSourceObject: {fileID: 0}
  m_PrefabInstance: {fileID: 0}
  m_PrefabAsset: {fileID: 0}
  m_GameObject: {fileID: 7526999623535914210}
  m_Enabled: 1
  m_EditorHideFlags: 0
  m_Script: {fileID: 11500000, guid: ef3f631e2bc3ca14cad29c93b5d047f5, type: 3}
  m_Name: 
  m_EditorClassIdentifier: 
--- !u!1 &7656073995393613563
GameObject:
  m_ObjectHideFlags: 0
  m_CorrespondingSourceObject: {fileID: 0}
  m_PrefabInstance: {fileID: 0}
  m_PrefabAsset: {fileID: 0}
  serializedVersion: 6
  m_Component:
  - component: {fileID: 586575657236973983}
  m_Layer: 0
  m_Name: mixamorig:RightShoulder
  m_TagString: Untagged
  m_Icon: {fileID: 0}
  m_NavMeshLayer: 0
  m_StaticEditorFlags: 0
  m_IsActive: 1
--- !u!4 &586575657236973983
Transform:
  m_ObjectHideFlags: 0
  m_CorrespondingSourceObject: {fileID: 0}
  m_PrefabInstance: {fileID: 0}
  m_PrefabAsset: {fileID: 0}
  m_GameObject: {fileID: 7656073995393613563}
  m_LocalRotation: {x: -0.5588777, y: -0.42759493, z: 0.5774595, w: -0.41395506}
  m_LocalPosition: {x: 0.08977605, y: 0.20135725, z: -0.0029631597}
  m_LocalScale: {x: 1, y: 1, z: 1}
  m_Children:
  - {fileID: 4132889810205585159}
  m_Father: {fileID: 8001675861000396909}
  m_RootOrder: 2
  m_LocalEulerAnglesHint: {x: 0, y: 0, z: 0}
--- !u!1 &8342386818938319469
GameObject:
  m_ObjectHideFlags: 0
  m_CorrespondingSourceObject: {fileID: 0}
  m_PrefabInstance: {fileID: 0}
  m_PrefabAsset: {fileID: 0}
  serializedVersion: 6
  m_Component:
  - component: {fileID: 1961909189609698980}
  m_Layer: 0
  m_Name: mixamorig:RightHandIndex1
  m_TagString: Untagged
  m_Icon: {fileID: 0}
  m_NavMeshLayer: 0
  m_StaticEditorFlags: 0
  m_IsActive: 1
--- !u!4 &1961909189609698980
Transform:
  m_ObjectHideFlags: 0
  m_CorrespondingSourceObject: {fileID: 0}
  m_PrefabInstance: {fileID: 0}
  m_PrefabAsset: {fileID: 0}
  m_GameObject: {fileID: 8342386818938319469}
  m_LocalRotation: {x: 0.0036196676, y: 0.001310691, z: -0.013711847, w: 0.9998986}
  m_LocalPosition: {x: -3.2793962e-11, y: 0.13718335, z: 0.0009978118}
  m_LocalScale: {x: 1, y: 1, z: 1}
  m_Children:
  - {fileID: 6480930614039791625}
  m_Father: {fileID: 8334737287174197194}
  m_RootOrder: 0
  m_LocalEulerAnglesHint: {x: 0, y: 0, z: 0}
--- !u!1 &8685810816091424751
GameObject:
  m_ObjectHideFlags: 0
  m_CorrespondingSourceObject: {fileID: 0}
  m_PrefabInstance: {fileID: 0}
  m_PrefabAsset: {fileID: 0}
  serializedVersion: 6
  m_Component:
  - component: {fileID: 3716558852147003564}
  m_Layer: 0
  m_Name: mixamorig:LeftToeBase
  m_TagString: Untagged
  m_Icon: {fileID: 0}
  m_NavMeshLayer: 0
  m_StaticEditorFlags: 0
  m_IsActive: 1
--- !u!4 &3716558852147003564
Transform:
  m_ObjectHideFlags: 0
  m_CorrespondingSourceObject: {fileID: 0}
  m_PrefabInstance: {fileID: 0}
  m_PrefabAsset: {fileID: 0}
  m_GameObject: {fileID: 8685810816091424751}
  m_LocalRotation: {x: 0.38154522, y: -0.0515609, z: 0.021321721, w: 0.9226647}
  m_LocalPosition: {x: 3.106743e-10, y: 0.15114507, z: -0.0000000026649833}
  m_LocalScale: {x: 1, y: 1, z: 1}
  m_Children:
  - {fileID: 5910645849092556154}
  m_Father: {fileID: 5370492046979968563}
  m_RootOrder: 0
  m_LocalEulerAnglesHint: {x: 0, y: 0, z: 0}
--- !u!1 &8861873666323897654
GameObject:
  m_ObjectHideFlags: 0
  m_CorrespondingSourceObject: {fileID: 0}
  m_PrefabInstance: {fileID: 0}
  m_PrefabAsset: {fileID: 0}
  serializedVersion: 6
  m_Component:
  - component: {fileID: 864796588046626361}
  m_Layer: 0
  m_Name: mixamorig:LeftHandIndex3
  m_TagString: Untagged
  m_Icon: {fileID: 0}
  m_NavMeshLayer: 0
  m_StaticEditorFlags: 0
  m_IsActive: 1
--- !u!4 &864796588046626361
Transform:
  m_ObjectHideFlags: 0
  m_CorrespondingSourceObject: {fileID: 0}
  m_PrefabInstance: {fileID: 0}
  m_PrefabAsset: {fileID: 0}
  m_GameObject: {fileID: 8861873666323897654}
  m_LocalRotation: {x: 0.00019940887, y: 0.0058752573, z: 0.064381905, w: 0.99790806}
  m_LocalPosition: {x: -0.0025761425, y: 0.08451506, z: 1.0280587e-10}
  m_LocalScale: {x: 1, y: 1, z: 1}
  m_Children:
  - {fileID: 7369650487515174044}
  m_Father: {fileID: 34559057562377290}
  m_RootOrder: 0
  m_LocalEulerAnglesHint: {x: 0, y: 0, z: 0}
--- !u!1 &9198087959138770105
GameObject:
  m_ObjectHideFlags: 0
  m_CorrespondingSourceObject: {fileID: 0}
  m_PrefabInstance: {fileID: 0}
  m_PrefabAsset: {fileID: 0}
  serializedVersion: 6
  m_Component:
  - component: {fileID: 2714916086312731886}
  m_Layer: 0
  m_Name: mixamorig:Spine
  m_TagString: Untagged
  m_Icon: {fileID: 0}
  m_NavMeshLayer: 0
  m_StaticEditorFlags: 0
  m_IsActive: 1
--- !u!4 &2714916086312731886
Transform:
  m_ObjectHideFlags: 0
  m_CorrespondingSourceObject: {fileID: 0}
  m_PrefabInstance: {fileID: 0}
  m_PrefabAsset: {fileID: 0}
  m_GameObject: {fileID: 9198087959138770105}
  m_LocalRotation: {x: -0.045293923, y: 0.00000057939036, z: -0.000008156961, w: 0.9989737}
  m_LocalPosition: {x: -0, y: 0.15215759, z: -0.013826193}
  m_LocalScale: {x: 1, y: 1, z: 1}
  m_Children:
  - {fileID: 8840827444756189190}
  m_Father: {fileID: 2433536015334406013}
  m_RootOrder: 2
  m_LocalEulerAnglesHint: {x: 0, y: 0, z: 0}
--- !u!1001 &646281441067393175
PrefabInstance:
  m_ObjectHideFlags: 0
  serializedVersion: 2
  m_Modification:
    m_TransformParent: {fileID: 7896493294902712297}
    m_Modifications:
    - target: {fileID: 1897052888076043187, guid: 6f8bb504144276d45a9cc46052b41b19,
        type: 3}
      propertyPath: m_Name
      value: Jetpack
      objectReference: {fileID: 0}
    - target: {fileID: 1897052888076043187, guid: 6f8bb504144276d45a9cc46052b41b19,
        type: 3}
      propertyPath: m_IsActive
      value: 0
      objectReference: {fileID: 0}
    - target: {fileID: 3600393888403484753, guid: 6f8bb504144276d45a9cc46052b41b19,
        type: 3}
      propertyPath: m_RootOrder
      value: 3
      objectReference: {fileID: 0}
    - target: {fileID: 3600393888403484753, guid: 6f8bb504144276d45a9cc46052b41b19,
        type: 3}
      propertyPath: m_LocalPosition.x
      value: 0
      objectReference: {fileID: 0}
    - target: {fileID: 3600393888403484753, guid: 6f8bb504144276d45a9cc46052b41b19,
        type: 3}
      propertyPath: m_LocalPosition.y
      value: 1.32
      objectReference: {fileID: 0}
    - target: {fileID: 3600393888403484753, guid: 6f8bb504144276d45a9cc46052b41b19,
        type: 3}
      propertyPath: m_LocalPosition.z
      value: 0.24
      objectReference: {fileID: 0}
    - target: {fileID: 3600393888403484753, guid: 6f8bb504144276d45a9cc46052b41b19,
        type: 3}
      propertyPath: m_LocalRotation.w
      value: 1
      objectReference: {fileID: 0}
    - target: {fileID: 3600393888403484753, guid: 6f8bb504144276d45a9cc46052b41b19,
        type: 3}
      propertyPath: m_LocalRotation.x
      value: 0
      objectReference: {fileID: 0}
    - target: {fileID: 3600393888403484753, guid: 6f8bb504144276d45a9cc46052b41b19,
        type: 3}
      propertyPath: m_LocalRotation.y
      value: 0
      objectReference: {fileID: 0}
    - target: {fileID: 3600393888403484753, guid: 6f8bb504144276d45a9cc46052b41b19,
        type: 3}
      propertyPath: m_LocalRotation.z
      value: 0
      objectReference: {fileID: 0}
    - target: {fileID: 3600393888403484753, guid: 6f8bb504144276d45a9cc46052b41b19,
        type: 3}
      propertyPath: m_LocalEulerAnglesHint.x
      value: 0
      objectReference: {fileID: 0}
    - target: {fileID: 3600393888403484753, guid: 6f8bb504144276d45a9cc46052b41b19,
        type: 3}
      propertyPath: m_LocalEulerAnglesHint.y
      value: 0
      objectReference: {fileID: 0}
    - target: {fileID: 3600393888403484753, guid: 6f8bb504144276d45a9cc46052b41b19,
        type: 3}
      propertyPath: m_LocalEulerAnglesHint.z
      value: 0
      objectReference: {fileID: 0}
    m_RemovedComponents: []
  m_SourcePrefab: {fileID: 100100000, guid: 6f8bb504144276d45a9cc46052b41b19, type: 3}
--- !u!4 &4111547460268658886 stripped
Transform:
  m_CorrespondingSourceObject: {fileID: 3600393888403484753, guid: 6f8bb504144276d45a9cc46052b41b19,
    type: 3}
  m_PrefabInstance: {fileID: 646281441067393175}
  m_PrefabAsset: {fileID: 0}
--- !u!1001 &3607215662924073905
PrefabInstance:
  m_ObjectHideFlags: 0
  serializedVersion: 2
  m_Modification:
    m_TransformParent: {fileID: 4111547460268658886}
    m_Modifications:
    - target: {fileID: 1075899076870710, guid: 0d9f25f0bd58c9144a4abeef1afcc788, type: 3}
      propertyPath: m_Name
      value: FlamethrowerSpikyRed (3)
      objectReference: {fileID: 0}
    - target: {fileID: 4706010589103734, guid: 0d9f25f0bd58c9144a4abeef1afcc788, type: 3}
      propertyPath: m_RootOrder
      value: 1
      objectReference: {fileID: 0}
    - target: {fileID: 4706010589103734, guid: 0d9f25f0bd58c9144a4abeef1afcc788, type: 3}
      propertyPath: m_LocalScale.x
      value: 0.00351922
      objectReference: {fileID: 0}
    - target: {fileID: 4706010589103734, guid: 0d9f25f0bd58c9144a4abeef1afcc788, type: 3}
      propertyPath: m_LocalScale.y
      value: 0.00351922
      objectReference: {fileID: 0}
    - target: {fileID: 4706010589103734, guid: 0d9f25f0bd58c9144a4abeef1afcc788, type: 3}
      propertyPath: m_LocalScale.z
      value: 0.00351922
      objectReference: {fileID: 0}
    - target: {fileID: 4706010589103734, guid: 0d9f25f0bd58c9144a4abeef1afcc788, type: 3}
      propertyPath: m_LocalPosition.x
      value: 0.0066000023
      objectReference: {fileID: 0}
    - target: {fileID: 4706010589103734, guid: 0d9f25f0bd58c9144a4abeef1afcc788, type: 3}
      propertyPath: m_LocalPosition.y
      value: -0.0014999992
      objectReference: {fileID: 0}
    - target: {fileID: 4706010589103734, guid: 0d9f25f0bd58c9144a4abeef1afcc788, type: 3}
      propertyPath: m_LocalPosition.z
      value: -0.0038000003
      objectReference: {fileID: 0}
    - target: {fileID: 4706010589103734, guid: 0d9f25f0bd58c9144a4abeef1afcc788, type: 3}
      propertyPath: m_LocalRotation.w
      value: 0.101880416
      objectReference: {fileID: 0}
    - target: {fileID: 4706010589103734, guid: 0d9f25f0bd58c9144a4abeef1afcc788, type: 3}
      propertyPath: m_LocalRotation.x
      value: 0.043825645
      objectReference: {fileID: 0}
    - target: {fileID: 4706010589103734, guid: 0d9f25f0bd58c9144a4abeef1afcc788, type: 3}
      propertyPath: m_LocalRotation.y
      value: 0.9129453
      objectReference: {fileID: 0}
    - target: {fileID: 4706010589103734, guid: 0d9f25f0bd58c9144a4abeef1afcc788, type: 3}
      propertyPath: m_LocalRotation.z
      value: -0.39272225
      objectReference: {fileID: 0}
    - target: {fileID: 4706010589103734, guid: 0d9f25f0bd58c9144a4abeef1afcc788, type: 3}
      propertyPath: m_LocalEulerAnglesHint.x
      value: 46.552002
      objectReference: {fileID: 0}
    - target: {fileID: 4706010589103734, guid: 0d9f25f0bd58c9144a4abeef1afcc788, type: 3}
      propertyPath: m_LocalEulerAnglesHint.y
      value: 167.26501
      objectReference: {fileID: 0}
    - target: {fileID: 4706010589103734, guid: 0d9f25f0bd58c9144a4abeef1afcc788, type: 3}
      propertyPath: m_LocalEulerAnglesHint.z
      value: 0
      objectReference: {fileID: 0}
    - target: {fileID: 199140215904790328, guid: 0d9f25f0bd58c9144a4abeef1afcc788,
        type: 3}
      propertyPath: m_Materials.Array.size
      value: 1
      objectReference: {fileID: 0}
    - target: {fileID: 199555625889044616, guid: 0d9f25f0bd58c9144a4abeef1afcc788,
        type: 3}
      propertyPath: m_Materials.Array.size
      value: 1
      objectReference: {fileID: 0}
    - target: {fileID: 199770661925782528, guid: 0d9f25f0bd58c9144a4abeef1afcc788,
        type: 3}
      propertyPath: m_Materials.Array.size
      value: 1
      objectReference: {fileID: 0}
    - target: {fileID: 199837363607960798, guid: 0d9f25f0bd58c9144a4abeef1afcc788,
        type: 3}
      propertyPath: m_Materials.Array.size
      value: 1
      objectReference: {fileID: 0}
    m_RemovedComponents: []
  m_SourcePrefab: {fileID: 100100000, guid: 0d9f25f0bd58c9144a4abeef1afcc788, type: 3}
--- !u!1001 &4482048813073194322
PrefabInstance:
  m_ObjectHideFlags: 0
  serializedVersion: 2
  m_Modification:
    m_TransformParent: {fileID: 7896493294902712297}
    m_Modifications:
    - target: {fileID: 4092259521976188011, guid: d12a06a3445ea974db60b5310b58139f,
        type: 3}
      propertyPath: m_Name
      value: Motorbike
      objectReference: {fileID: 0}
    - target: {fileID: 4092259521976188011, guid: d12a06a3445ea974db60b5310b58139f,
        type: 3}
      propertyPath: m_IsActive
      value: 0
      objectReference: {fileID: 0}
    - target: {fileID: 4247547113542422697, guid: d12a06a3445ea974db60b5310b58139f,
        type: 3}
      propertyPath: m_RootOrder
      value: 4
      objectReference: {fileID: 0}
    - target: {fileID: 4247547113542422697, guid: d12a06a3445ea974db60b5310b58139f,
        type: 3}
      propertyPath: m_LocalPosition.x
      value: 0
      objectReference: {fileID: 0}
    - target: {fileID: 4247547113542422697, guid: d12a06a3445ea974db60b5310b58139f,
        type: 3}
      propertyPath: m_LocalPosition.y
      value: -0.03
      objectReference: {fileID: 0}
    - target: {fileID: 4247547113542422697, guid: d12a06a3445ea974db60b5310b58139f,
        type: 3}
      propertyPath: m_LocalPosition.z
      value: 0.1
      objectReference: {fileID: 0}
    - target: {fileID: 4247547113542422697, guid: d12a06a3445ea974db60b5310b58139f,
        type: 3}
      propertyPath: m_LocalRotation.w
      value: 0.50008726
      objectReference: {fileID: 0}
    - target: {fileID: 4247547113542422697, guid: d12a06a3445ea974db60b5310b58139f,
        type: 3}
      propertyPath: m_LocalRotation.x
      value: -0.49991274
      objectReference: {fileID: 0}
    - target: {fileID: 4247547113542422697, guid: d12a06a3445ea974db60b5310b58139f,
        type: 3}
      propertyPath: m_LocalRotation.y
      value: 0.50008726
      objectReference: {fileID: 0}
    - target: {fileID: 4247547113542422697, guid: d12a06a3445ea974db60b5310b58139f,
        type: 3}
      propertyPath: m_LocalRotation.z
      value: 0.49991274
      objectReference: {fileID: 0}
    - target: {fileID: 4247547113542422697, guid: d12a06a3445ea974db60b5310b58139f,
        type: 3}
      propertyPath: m_LocalEulerAnglesHint.x
      value: -89.98
      objectReference: {fileID: 0}
    - target: {fileID: 4247547113542422697, guid: d12a06a3445ea974db60b5310b58139f,
        type: 3}
      propertyPath: m_LocalEulerAnglesHint.y
      value: 90
      objectReference: {fileID: 0}
    - target: {fileID: 4247547113542422697, guid: d12a06a3445ea974db60b5310b58139f,
        type: 3}
      propertyPath: m_LocalEulerAnglesHint.z
      value: 0
      objectReference: {fileID: 0}
    m_RemovedComponents: []
  m_SourcePrefab: {fileID: 100100000, guid: d12a06a3445ea974db60b5310b58139f, type: 3}
--- !u!4 &342623484483915259 stripped
Transform:
  m_CorrespondingSourceObject: {fileID: 4247547113542422697, guid: d12a06a3445ea974db60b5310b58139f,
    type: 3}
  m_PrefabInstance: {fileID: 4482048813073194322}
  m_PrefabAsset: {fileID: 0}
--- !u!1001 &5504374017502504128
PrefabInstance:
  m_ObjectHideFlags: 0
  serializedVersion: 2
  m_Modification:
    m_TransformParent: {fileID: 7896493294902712297}
    m_Modifications:
    - target: {fileID: 2501591542926129803, guid: 03f000f752e916c4fb7bb63b66adb6a2,
        type: 3}
      propertyPath: m_RootOrder
      value: 5
      objectReference: {fileID: 0}
    - target: {fileID: 2501591542926129803, guid: 03f000f752e916c4fb7bb63b66adb6a2,
        type: 3}
      propertyPath: m_LocalPosition.x
      value: -0.09
      objectReference: {fileID: 0}
    - target: {fileID: 2501591542926129803, guid: 03f000f752e916c4fb7bb63b66adb6a2,
        type: 3}
      propertyPath: m_LocalPosition.y
      value: -0.12
      objectReference: {fileID: 0}
    - target: {fileID: 2501591542926129803, guid: 03f000f752e916c4fb7bb63b66adb6a2,
        type: 3}
      propertyPath: m_LocalPosition.z
      value: 0
      objectReference: {fileID: 0}
    - target: {fileID: 2501591542926129803, guid: 03f000f752e916c4fb7bb63b66adb6a2,
        type: 3}
      propertyPath: m_LocalRotation.w
      value: 0.50008726
      objectReference: {fileID: 0}
    - target: {fileID: 2501591542926129803, guid: 03f000f752e916c4fb7bb63b66adb6a2,
        type: 3}
      propertyPath: m_LocalRotation.x
      value: -0.49991274
      objectReference: {fileID: 0}
    - target: {fileID: 2501591542926129803, guid: 03f000f752e916c4fb7bb63b66adb6a2,
        type: 3}
      propertyPath: m_LocalRotation.y
      value: 0.50008726
      objectReference: {fileID: 0}
    - target: {fileID: 2501591542926129803, guid: 03f000f752e916c4fb7bb63b66adb6a2,
        type: 3}
      propertyPath: m_LocalRotation.z
      value: 0.49991274
      objectReference: {fileID: 0}
    - target: {fileID: 2501591542926129803, guid: 03f000f752e916c4fb7bb63b66adb6a2,
        type: 3}
      propertyPath: m_LocalEulerAnglesHint.x
      value: -89.98
      objectReference: {fileID: 0}
    - target: {fileID: 2501591542926129803, guid: 03f000f752e916c4fb7bb63b66adb6a2,
        type: 3}
      propertyPath: m_LocalEulerAnglesHint.y
      value: 90
      objectReference: {fileID: 0}
    - target: {fileID: 2501591542926129803, guid: 03f000f752e916c4fb7bb63b66adb6a2,
        type: 3}
      propertyPath: m_LocalEulerAnglesHint.z
      value: 0
      objectReference: {fileID: 0}
    - target: {fileID: 5382965006563045570, guid: 03f000f752e916c4fb7bb63b66adb6a2,
        type: 3}
      propertyPath: m_Name
      value: Skate
      objectReference: {fileID: 0}
    - target: {fileID: 5382965006563045570, guid: 03f000f752e916c4fb7bb63b66adb6a2,
        type: 3}
      propertyPath: m_IsActive
      value: 0
      objectReference: {fileID: 0}
    m_RemovedComponents: []
  m_SourcePrefab: {fileID: 100100000, guid: 03f000f752e916c4fb7bb63b66adb6a2, type: 3}
--- !u!4 &7986016012591685195 stripped
Transform:
  m_CorrespondingSourceObject: {fileID: 2501591542926129803, guid: 03f000f752e916c4fb7bb63b66adb6a2,
    type: 3}
  m_PrefabInstance: {fileID: 5504374017502504128}
  m_PrefabAsset: {fileID: 0}
--- !u!1001 &7056065525160723753
PrefabInstance:
  m_ObjectHideFlags: 0
  serializedVersion: 2
  m_Modification:
    m_TransformParent: {fileID: 7896493294902712297}
    m_Modifications:
    - target: {fileID: 3896204698406826900, guid: daef440522509244488f2ea758f4ae58,
        type: 3}
      propertyPath: m_Name
      value: Car
      objectReference: {fileID: 0}
    - target: {fileID: 3896204698406826900, guid: daef440522509244488f2ea758f4ae58,
        type: 3}
      propertyPath: m_IsActive
      value: 0
      objectReference: {fileID: 0}
    - target: {fileID: 5329914058682713259, guid: daef440522509244488f2ea758f4ae58,
        type: 3}
      propertyPath: m_RootOrder
      value: 6
      objectReference: {fileID: 0}
    - target: {fileID: 5329914058682713259, guid: daef440522509244488f2ea758f4ae58,
        type: 3}
      propertyPath: m_LocalPosition.x
      value: 0.53
      objectReference: {fileID: 0}
    - target: {fileID: 5329914058682713259, guid: daef440522509244488f2ea758f4ae58,
        type: 3}
      propertyPath: m_LocalPosition.y
      value: 0.97
      objectReference: {fileID: 0}
    - target: {fileID: 5329914058682713259, guid: daef440522509244488f2ea758f4ae58,
        type: 3}
      propertyPath: m_LocalPosition.z
      value: 0.24
      objectReference: {fileID: 0}
    - target: {fileID: 5329914058682713259, guid: daef440522509244488f2ea758f4ae58,
        type: 3}
      propertyPath: m_LocalRotation.w
      value: 0.50008726
      objectReference: {fileID: 0}
    - target: {fileID: 5329914058682713259, guid: daef440522509244488f2ea758f4ae58,
        type: 3}
      propertyPath: m_LocalRotation.x
      value: -0.49991274
      objectReference: {fileID: 0}
    - target: {fileID: 5329914058682713259, guid: daef440522509244488f2ea758f4ae58,
        type: 3}
      propertyPath: m_LocalRotation.y
      value: 0.50008726
      objectReference: {fileID: 0}
    - target: {fileID: 5329914058682713259, guid: daef440522509244488f2ea758f4ae58,
        type: 3}
      propertyPath: m_LocalRotation.z
      value: 0.49991274
      objectReference: {fileID: 0}
    - target: {fileID: 5329914058682713259, guid: daef440522509244488f2ea758f4ae58,
        type: 3}
      propertyPath: m_LocalEulerAnglesHint.x
      value: -89.98
      objectReference: {fileID: 0}
    - target: {fileID: 5329914058682713259, guid: daef440522509244488f2ea758f4ae58,
        type: 3}
      propertyPath: m_LocalEulerAnglesHint.y
      value: 90
      objectReference: {fileID: 0}
    - target: {fileID: 5329914058682713259, guid: daef440522509244488f2ea758f4ae58,
        type: 3}
      propertyPath: m_LocalEulerAnglesHint.z
      value: 0
      objectReference: {fileID: 0}
    m_RemovedComponents: []
  m_SourcePrefab: {fileID: 100100000, guid: daef440522509244488f2ea758f4ae58, type: 3}
--- !u!4 &2890051663546089858 stripped
Transform:
  m_CorrespondingSourceObject: {fileID: 5329914058682713259, guid: daef440522509244488f2ea758f4ae58,
    type: 3}
  m_PrefabInstance: {fileID: 7056065525160723753}
  m_PrefabAsset: {fileID: 0}
--- !u!1001 &7335439885335491535
PrefabInstance:
  m_ObjectHideFlags: 0
  serializedVersion: 2
  m_Modification:
    m_TransformParent: {fileID: 4111547460268658886}
    m_Modifications:
    - target: {fileID: 1075899076870710, guid: 0d9f25f0bd58c9144a4abeef1afcc788, type: 3}
      propertyPath: m_Name
      value: FlamethrowerSpikyRed (2)
      objectReference: {fileID: 0}
    - target: {fileID: 4706010589103734, guid: 0d9f25f0bd58c9144a4abeef1afcc788, type: 3}
      propertyPath: m_RootOrder
      value: 0
      objectReference: {fileID: 0}
    - target: {fileID: 4706010589103734, guid: 0d9f25f0bd58c9144a4abeef1afcc788, type: 3}
      propertyPath: m_LocalScale.x
      value: 0.0035192198
      objectReference: {fileID: 0}
    - target: {fileID: 4706010589103734, guid: 0d9f25f0bd58c9144a4abeef1afcc788, type: 3}
      propertyPath: m_LocalScale.y
      value: 0.00351922
      objectReference: {fileID: 0}
    - target: {fileID: 4706010589103734, guid: 0d9f25f0bd58c9144a4abeef1afcc788, type: 3}
      propertyPath: m_LocalScale.z
      value: 0.0035192196
      objectReference: {fileID: 0}
    - target: {fileID: 4706010589103734, guid: 0d9f25f0bd58c9144a4abeef1afcc788, type: 3}
      propertyPath: m_LocalPosition.x
      value: -0.0074000023
      objectReference: {fileID: 0}
    - target: {fileID: 4706010589103734, guid: 0d9f25f0bd58c9144a4abeef1afcc788, type: 3}
      propertyPath: m_LocalPosition.y
      value: -0.0011000002
      objectReference: {fileID: 0}
    - target: {fileID: 4706010589103734, guid: 0d9f25f0bd58c9144a4abeef1afcc788, type: 3}
      propertyPath: m_LocalPosition.z
      value: -0.004800001
      objectReference: {fileID: 0}
    - target: {fileID: 4706010589103734, guid: 0d9f25f0bd58c9144a4abeef1afcc788, type: 3}
      propertyPath: m_LocalRotation.w
      value: -0.037767973
      objectReference: {fileID: 0}
    - target: {fileID: 4706010589103734, guid: 0d9f25f0bd58c9144a4abeef1afcc788, type: 3}
      propertyPath: m_LocalRotation.x
      value: -0.016246736
      objectReference: {fileID: 0}
    - target: {fileID: 4706010589103734, guid: 0d9f25f0bd58c9144a4abeef1afcc788, type: 3}
      propertyPath: m_LocalRotation.y
      value: 0.9178356
      objectReference: {fileID: 0}
    - target: {fileID: 4706010589103734, guid: 0d9f25f0bd58c9144a4abeef1afcc788, type: 3}
      propertyPath: m_LocalRotation.z
      value: -0.39482585
      objectReference: {fileID: 0}
    - target: {fileID: 4706010589103734, guid: 0d9f25f0bd58c9144a4abeef1afcc788, type: 3}
      propertyPath: m_LocalEulerAnglesHint.x
      value: 46.552002
      objectReference: {fileID: 0}
    - target: {fileID: 4706010589103734, guid: 0d9f25f0bd58c9144a4abeef1afcc788, type: 3}
      propertyPath: m_LocalEulerAnglesHint.y
      value: 184.713
      objectReference: {fileID: 0}
    - target: {fileID: 4706010589103734, guid: 0d9f25f0bd58c9144a4abeef1afcc788, type: 3}
      propertyPath: m_LocalEulerAnglesHint.z
      value: 0
      objectReference: {fileID: 0}
    - target: {fileID: 199140215904790328, guid: 0d9f25f0bd58c9144a4abeef1afcc788,
        type: 3}
      propertyPath: m_Materials.Array.size
      value: 1
      objectReference: {fileID: 0}
    - target: {fileID: 199555625889044616, guid: 0d9f25f0bd58c9144a4abeef1afcc788,
        type: 3}
      propertyPath: m_Materials.Array.size
      value: 1
      objectReference: {fileID: 0}
    - target: {fileID: 199770661925782528, guid: 0d9f25f0bd58c9144a4abeef1afcc788,
        type: 3}
      propertyPath: m_Materials.Array.size
      value: 1
      objectReference: {fileID: 0}
    - target: {fileID: 199837363607960798, guid: 0d9f25f0bd58c9144a4abeef1afcc788,
        type: 3}
      propertyPath: m_Materials.Array.size
      value: 1
      objectReference: {fileID: 0}
    m_RemovedComponents: []
  m_SourcePrefab: {fileID: 100100000, guid: 0d9f25f0bd58c9144a4abeef1afcc788, type: 3}
