%YAML 1.1
%TAG !u! tag:unity3d.com,2011:
--- !u!1 &255479141362419438
GameObject:
  m_ObjectHideFlags: 0
  m_CorrespondingSourceObject: {fileID: 0}
  m_PrefabInstance: {fileID: 0}
  m_PrefabAsset: {fileID: 0}
  serializedVersion: 6
  m_Component:
  - component: {fileID: 8048914860102987177}
  m_Layer: 0
  m_Name: mixamorig:LeftHandThumb4
  m_TagString: Untagged
  m_Icon: {fileID: 0}
  m_NavMeshLayer: 0
  m_StaticEditorFlags: 0
  m_IsActive: 1
--- !u!4 &8048914860102987177
Transform:
  m_ObjectHideFlags: 0
  m_CorrespondingSourceObject: {fileID: 0}
  m_PrefabInstance: {fileID: 0}
  m_PrefabAsset: {fileID: 0}
  m_GameObject: {fileID: 255479141362419438}
  m_LocalRotation: {x: 0, y: -0, z: -0, w: 1}
  m_LocalPosition: {x: -0.0094185565, y: 0.059916444, z: 4.0284304e-10}
  m_LocalScale: {x: 1, y: 1, z: 1}
  m_Children: []
  m_Father: {fileID: 5295086239807242244}
  m_RootOrder: 0
  m_LocalEulerAnglesHint: {x: 0, y: 0, z: 0}
--- !u!1 &266747691922756528
GameObject:
  m_ObjectHideFlags: 0
  m_CorrespondingSourceObject: {fileID: 0}
  m_PrefabInstance: {fileID: 0}
  m_PrefabAsset: {fileID: 0}
  serializedVersion: 6
  m_Component:
  - component: {fileID: 4620752664179041745}
  - component: {fileID: 2940279846246816146}
  - component: {fileID: 2288301220411532747}
  - component: {fileID: 228855537442611137}
  - component: {fileID: 3257712845539638195}
  m_Layer: 5
  m_Name: Canvas
  m_TagString: Untagged
  m_Icon: {fileID: 0}
  m_NavMeshLayer: 0
  m_StaticEditorFlags: 0
  m_IsActive: 1
--- !u!224 &4620752664179041745
RectTransform:
  m_ObjectHideFlags: 0
  m_CorrespondingSourceObject: {fileID: 0}
  m_PrefabInstance: {fileID: 0}
  m_PrefabAsset: {fileID: 0}
  m_GameObject: {fileID: 266747691922756528}
  m_LocalRotation: {x: 0, y: 0, z: 0, w: 1}
  m_LocalPosition: {x: 0, y: 0, z: 0}
  m_LocalScale: {x: 0.020192087, y: 0.0031495132, z: 0.020192087}
  m_Children:
  - {fileID: 7471028925936574851}
  - {fileID: 2928172817292300577}
  m_Father: {fileID: 4656794868519205465}
  m_RootOrder: 2
  m_LocalEulerAnglesHint: {x: 0, y: 0, z: 0}
  m_AnchorMin: {x: 0, y: 0}
  m_AnchorMax: {x: 0, y: 0}
  m_AnchoredPosition: {x: 0, y: 3.13}
  m_SizeDelta: {x: 253, y: 450}
  m_Pivot: {x: 0.5, y: 0.5}
--- !u!223 &2940279846246816146
Canvas:
  m_ObjectHideFlags: 0
  m_CorrespondingSourceObject: {fileID: 0}
  m_PrefabInstance: {fileID: 0}
  m_PrefabAsset: {fileID: 0}
  m_GameObject: {fileID: 266747691922756528}
  m_Enabled: 1
  serializedVersion: 3
  m_RenderMode: 2
  m_Camera: {fileID: 0}
  m_PlaneDistance: 100
  m_PixelPerfect: 0
  m_ReceivesEvents: 1
  m_OverrideSorting: 0
  m_OverridePixelPerfect: 0
  m_SortingBucketNormalizedSize: 0
  m_AdditionalShaderChannelsFlag: 25
  m_SortingLayerID: 0
  m_SortingOrder: 0
  m_TargetDisplay: 0
--- !u!114 &2288301220411532747
MonoBehaviour:
  m_ObjectHideFlags: 0
  m_CorrespondingSourceObject: {fileID: 0}
  m_PrefabInstance: {fileID: 0}
  m_PrefabAsset: {fileID: 0}
  m_GameObject: {fileID: 266747691922756528}
  m_Enabled: 1
  m_EditorHideFlags: 0
  m_Script: {fileID: 11500000, guid: 0cd44c1031e13a943bb63640046fad76, type: 3}
  m_Name: 
  m_EditorClassIdentifier: 
  m_UiScaleMode: 0
  m_ReferencePixelsPerUnit: 100
  m_ScaleFactor: 1
  m_ReferenceResolution: {x: 800, y: 600}
  m_ScreenMatchMode: 0
  m_MatchWidthOrHeight: 0
  m_PhysicalUnit: 3
  m_FallbackScreenDPI: 96
  m_DefaultSpriteDPI: 96
  m_DynamicPixelsPerUnit: 1
--- !u!114 &228855537442611137
MonoBehaviour:
  m_ObjectHideFlags: 0
  m_CorrespondingSourceObject: {fileID: 0}
  m_PrefabInstance: {fileID: 0}
  m_PrefabAsset: {fileID: 0}
  m_GameObject: {fileID: 266747691922756528}
  m_Enabled: 1
  m_EditorHideFlags: 0
  m_Script: {fileID: 11500000, guid: dc42784cf147c0c48a680349fa168899, type: 3}
  m_Name: 
  m_EditorClassIdentifier: 
  m_IgnoreReversedGraphics: 1
  m_BlockingObjects: 0
  m_BlockingMask:
    serializedVersion: 2
    m_Bits: 4294967295
--- !u!114 &3257712845539638195
MonoBehaviour:
  m_ObjectHideFlags: 0
  m_CorrespondingSourceObject: {fileID: 0}
  m_PrefabInstance: {fileID: 0}
  m_PrefabAsset: {fileID: 0}
  m_GameObject: {fileID: 266747691922756528}
  m_Enabled: 1
  m_EditorHideFlags: 0
  m_Script: {fileID: 11500000, guid: 0d80125c6f5836546b153de53165029e, type: 3}
  m_Name: 
  m_EditorClassIdentifier: 
--- !u!1 &357430606537158906
GameObject:
  m_ObjectHideFlags: 0
  m_CorrespondingSourceObject: {fileID: 0}
  m_PrefabInstance: {fileID: 0}
  m_PrefabAsset: {fileID: 0}
  serializedVersion: 6
  m_Component:
  - component: {fileID: 803928767560520552}
  m_Layer: 0
  m_Name: mixamorig:RightLeg
  m_TagString: Untagged
  m_Icon: {fileID: 0}
  m_NavMeshLayer: 0
  m_StaticEditorFlags: 0
  m_IsActive: 1
--- !u!4 &803928767560520552
Transform:
  m_ObjectHideFlags: 0
  m_CorrespondingSourceObject: {fileID: 0}
  m_PrefabInstance: {fileID: 0}
  m_PrefabAsset: {fileID: 0}
  m_GameObject: {fileID: 357430606537158906}
  m_LocalRotation: {x: -0.044713475, y: 0.0014431907, z: -0.023620037, w: 0.9987195}
  m_LocalPosition: {x: 8.2225055e-10, y: 0.4413011, z: -1.5407528e-10}
  m_LocalScale: {x: 1, y: 1, z: 1}
  m_Children:
  - {fileID: 5718386616732302286}
  m_Father: {fileID: 3924184832906571250}
  m_RootOrder: 0
  m_LocalEulerAnglesHint: {x: 0, y: 0, z: 0}
--- !u!1 &720540421417689967
GameObject:
  m_ObjectHideFlags: 0
  m_CorrespondingSourceObject: {fileID: 0}
  m_PrefabInstance: {fileID: 0}
  m_PrefabAsset: {fileID: 0}
  serializedVersion: 6
  m_Component:
  - component: {fileID: 4773271758715473373}
  m_Layer: 0
  m_Name: mixamorig:Spine2
  m_TagString: Untagged
  m_Icon: {fileID: 0}
  m_NavMeshLayer: 0
  m_StaticEditorFlags: 0
  m_IsActive: 1
--- !u!4 &4773271758715473373
Transform:
  m_ObjectHideFlags: 0
  m_CorrespondingSourceObject: {fileID: 0}
  m_PrefabInstance: {fileID: 0}
  m_PrefabAsset: {fileID: 0}
  m_GameObject: {fileID: 720540421417689967}
  m_LocalRotation: {x: 0, y: 0, z: 5.6009124e-29, w: 1}
  m_LocalPosition: {x: -0, y: 0.20371273, z: -0.0000000010484328}
  m_LocalScale: {x: 1, y: 1, z: 1}
  m_Children:
  - {fileID: 7402988047726681414}
  - {fileID: 2109530190282965408}
  - {fileID: 2672420053837456431}
  m_Father: {fileID: 6306540494380563894}
  m_RootOrder: 0
  m_LocalEulerAnglesHint: {x: 0, y: 0, z: 0}
--- !u!1 &895985985883508516
GameObject:
  m_ObjectHideFlags: 0
  m_CorrespondingSourceObject: {fileID: 0}
  m_PrefabInstance: {fileID: 0}
  m_PrefabAsset: {fileID: 0}
  serializedVersion: 6
  m_Component:
  - component: {fileID: 3607640638244358476}
  m_Layer: 0
  m_Name: mixamorig:RightHandThumb1
  m_TagString: Untagged
  m_Icon: {fileID: 0}
  m_NavMeshLayer: 0
  m_StaticEditorFlags: 0
  m_IsActive: 1
--- !u!4 &3607640638244358476
Transform:
  m_ObjectHideFlags: 0
  m_CorrespondingSourceObject: {fileID: 0}
  m_PrefabInstance: {fileID: 0}
  m_PrefabAsset: {fileID: 0}
  m_GameObject: {fileID: 895985985883508516}
  m_LocalRotation: {x: 0.11387107, y: 0.048409995, z: 0.28681836, w: 0.9499606}
  m_LocalPosition: {x: -0.054063752, y: 0.059114493, z: 5.155658e-10}
  m_LocalScale: {x: 1, y: 1, z: 1}
  m_Children:
  - {fileID: 3801264522862978351}
  m_Father: {fileID: 6818265073562444410}
  m_RootOrder: 1
  m_LocalEulerAnglesHint: {x: 0, y: 0, z: 0}
--- !u!1 &1297104861514475833
GameObject:
  m_ObjectHideFlags: 0
  m_CorrespondingSourceObject: {fileID: 0}
  m_PrefabInstance: {fileID: 0}
  m_PrefabAsset: {fileID: 0}
  serializedVersion: 6
  m_Component:
  - component: {fileID: 3924184832906571250}
  m_Layer: 0
  m_Name: mixamorig:RightUpLeg
  m_TagString: Untagged
  m_Icon: {fileID: 0}
  m_NavMeshLayer: 0
  m_StaticEditorFlags: 0
  m_IsActive: 1
--- !u!4 &3924184832906571250
Transform:
  m_ObjectHideFlags: 0
  m_CorrespondingSourceObject: {fileID: 0}
  m_PrefabInstance: {fileID: 0}
  m_PrefabAsset: {fileID: 0}
  m_GameObject: {fileID: 1297104861514475833}
  m_LocalRotation: {x: 0.0008250093, y: 0.006374224, z: 0.9999153, w: -0.011319941}
  m_LocalPosition: {x: 0.112780645, y: -0.0845198, z: -0.008135629}
  m_LocalScale: {x: 1, y: 1, z: 1}
  m_Children:
  - {fileID: 803928767560520552}
  m_Father: {fileID: 932263325511490253}
  m_RootOrder: 1
  m_LocalEulerAnglesHint: {x: 0, y: 0, z: 0}
--- !u!1 &1484291877521715543
GameObject:
  m_ObjectHideFlags: 0
  m_CorrespondingSourceObject: {fileID: 0}
  m_PrefabInstance: {fileID: 0}
  m_PrefabAsset: {fileID: 0}
  serializedVersion: 6
  m_Component:
  - component: {fileID: 2928172817292300577}
  - component: {fileID: 1833677285988563702}
  - component: {fileID: 9168291879263401660}
  m_Layer: 5
  m_Name: Image
  m_TagString: Untagged
  m_Icon: {fileID: 0}
  m_NavMeshLayer: 0
  m_StaticEditorFlags: 0
  m_IsActive: 0
--- !u!224 &2928172817292300577
RectTransform:
  m_ObjectHideFlags: 0
  m_CorrespondingSourceObject: {fileID: 0}
  m_PrefabInstance: {fileID: 0}
  m_PrefabAsset: {fileID: 0}
  m_GameObject: {fileID: 1484291877521715543}
  m_LocalRotation: {x: 0, y: 0, z: 0, w: 1}
  m_LocalPosition: {x: 0, y: 0, z: 0}
  m_LocalScale: {x: 1, y: 1, z: 1}
  m_Children: []
  m_Father: {fileID: 4620752664179041745}
  m_RootOrder: 1
  m_LocalEulerAnglesHint: {x: 0, y: 0, z: 0}
  m_AnchorMin: {x: 0.5, y: 0.5}
  m_AnchorMax: {x: 0.5, y: 0.5}
  m_AnchoredPosition: {x: 0, y: 0}
  m_SizeDelta: {x: 138.4, y: 281.6}
  m_Pivot: {x: 0.5, y: 0.5}
--- !u!222 &1833677285988563702
CanvasRenderer:
  m_ObjectHideFlags: 0
  m_CorrespondingSourceObject: {fileID: 0}
  m_PrefabInstance: {fileID: 0}
  m_PrefabAsset: {fileID: 0}
  m_GameObject: {fileID: 1484291877521715543}
  m_CullTransparentMesh: 0
--- !u!114 &9168291879263401660
MonoBehaviour:
  m_ObjectHideFlags: 0
  m_CorrespondingSourceObject: {fileID: 0}
  m_PrefabInstance: {fileID: 0}
  m_PrefabAsset: {fileID: 0}
  m_GameObject: {fileID: 1484291877521715543}
  m_Enabled: 1
  m_EditorHideFlags: 0
  m_Script: {fileID: 11500000, guid: fe87c0e1cc204ed48ad3b37840f39efc, type: 3}
  m_Name: 
  m_EditorClassIdentifier: 
  m_Material: {fileID: 0}
  m_Color: {r: 0.33490568, g: 1, b: 0.71626663, a: 1}
  m_RaycastTarget: 1
  m_Maskable: 1
  m_OnCullStateChanged:
    m_PersistentCalls:
      m_Calls: []
  m_Sprite: {fileID: 0}
  m_Type: 1
  m_PreserveAspect: 0
  m_FillCenter: 1
  m_FillMethod: 4
  m_FillAmount: 1
  m_FillClockwise: 1
  m_FillOrigin: 0
  m_UseSpriteMesh: 0
  m_PixelsPerUnitMultiplier: 1
--- !u!1 &1665119104269896924
GameObject:
  m_ObjectHideFlags: 0
  m_CorrespondingSourceObject: {fileID: 0}
  m_PrefabInstance: {fileID: 0}
  m_PrefabAsset: {fileID: 0}
  serializedVersion: 6
  m_Component:
  - component: {fileID: 2706112869991610278}
  - component: {fileID: 1465530491002410524}
  m_Layer: 0
  m_Name: HyperCasualCharacter
  m_TagString: Untagged
  m_Icon: {fileID: 0}
  m_NavMeshLayer: 0
  m_StaticEditorFlags: 0
  m_IsActive: 1
--- !u!4 &2706112869991610278
Transform:
  m_ObjectHideFlags: 0
  m_CorrespondingSourceObject: {fileID: 0}
  m_PrefabInstance: {fileID: 0}
  m_PrefabAsset: {fileID: 0}
  m_GameObject: {fileID: 1665119104269896924}
  m_LocalRotation: {x: 0, y: -0, z: -0, w: 1}
  m_LocalPosition: {x: -0, y: 0, z: 0}
  m_LocalScale: {x: 1, y: 1, z: 1}
  m_Children: []
  m_Father: {fileID: 4656794868519205465}
  m_RootOrder: 0
  m_LocalEulerAnglesHint: {x: 0, y: 0, z: 0}
--- !u!137 &1465530491002410524
SkinnedMeshRenderer:
  m_ObjectHideFlags: 0
  m_CorrespondingSourceObject: {fileID: 0}
  m_PrefabInstance: {fileID: 0}
  m_PrefabAsset: {fileID: 0}
  m_GameObject: {fileID: 1665119104269896924}
  m_Enabled: 1
  m_CastShadows: 1
  m_ReceiveShadows: 1
  m_DynamicOccludee: 1
  m_MotionVectors: 1
  m_LightProbeUsage: 1
  m_ReflectionProbeUsage: 1
  m_RayTracingMode: 0
  m_RenderingLayerMask: 1
  m_RendererPriority: 0
  m_Materials:
  - {fileID: 2100000, guid: ed8efa3491e18412ab2fcf2d5e66dc82, type: 2}
  m_StaticBatchInfo:
    firstSubMesh: 0
    subMeshCount: 0
  m_StaticBatchRoot: {fileID: 0}
  m_ProbeAnchor: {fileID: 0}
  m_LightProbeVolumeOverride: {fileID: 0}
  m_ScaleInLightmap: 1
  m_ReceiveGI: 1
  m_PreserveUVs: 0
  m_IgnoreNormalsForChartDetection: 0
  m_ImportantGI: 0
  m_StitchLightmapSeams: 1
  m_SelectedEditorRenderState: 3
  m_MinimumChartSize: 4
  m_AutoUVMaxDistance: 0.5
  m_AutoUVMaxAngle: 89
  m_LightmapParameters: {fileID: 0}
  m_SortingLayerID: 0
  m_SortingLayer: 0
  m_SortingOrder: 0
  serializedVersion: 2
  m_Quality: 0
  m_UpdateWhenOffscreen: 0
  m_SkinnedMotionVectors: 1
  m_Mesh: {fileID: -748383106398779080, guid: 65d8064dc64914f89b0e88cd6b660d1f, type: 3}
  m_Bones:
  - {fileID: 7402988047726681414}
  - {fileID: 1690912295735709322}
  - {fileID: 4773271758715473373}
  - {fileID: 2449319747568640843}
  - {fileID: 2096038496768428145}
  - {fileID: 6151125464029320798}
  - {fileID: 82414286365954532}
  - {fileID: 1642917442222549210}
  - {fileID: 2109530190282965408}
  - {fileID: 932263325511490253}
  - {fileID: 7254898599053206449}
  - {fileID: 3924184832906571250}
  - {fileID: 6306540494380563894}
  - {fileID: 619501518226647390}
  - {fileID: 2599801544309160815}
  - {fileID: 7472151842186707843}
  - {fileID: 2208564848949898524}
  - {fileID: 3264968809581900282}
  - {fileID: 2393073283179332489}
  - {fileID: 5295086239807242244}
  - {fileID: 7493645387258985576}
  - {fileID: 2672420053837456431}
  - {fileID: 1472468103383106231}
  - {fileID: 7258014615549765658}
  - {fileID: 6818265073562444410}
  - {fileID: 3895510948573502228}
  - {fileID: 3607640638244358476}
  - {fileID: 3801264522862978351}
  - {fileID: 803928767560520552}
  - {fileID: 5718386616732302286}
  - {fileID: 8021832879124024090}
  - {fileID: 8414233307047732665}
  - {fileID: 114705526442792688}
  - {fileID: 6693699691282050216}
  m_BlendShapeWeights: []
  m_RootBone: {fileID: 932263325511490253}
  m_AABB:
    m_Center: {x: 0.002077341, y: 0.11656892, z: -0.003071919}
    m_Extent: {x: 1.343294, y: 1.3127359, z: 0.36927122}
  m_DirtyAABB: 0
--- !u!1 &1813668080438460552
GameObject:
  m_ObjectHideFlags: 0
  m_CorrespondingSourceObject: {fileID: 0}
  m_PrefabInstance: {fileID: 0}
  m_PrefabAsset: {fileID: 0}
  serializedVersion: 6
  m_Component:
  - component: {fileID: 7219350313715412229}
  m_Layer: 0
  m_Name: MoneyBag
  m_TagString: Untagged
  m_Icon: {fileID: 0}
  m_NavMeshLayer: 0
  m_StaticEditorFlags: 0
  m_IsActive: 1
--- !u!4 &7219350313715412229
Transform:
  m_ObjectHideFlags: 0
  m_CorrespondingSourceObject: {fileID: 0}
  m_PrefabInstance: {fileID: 0}
  m_PrefabAsset: {fileID: 0}
  m_GameObject: {fileID: 1813668080438460552}
  m_LocalRotation: {x: -0, y: 0.7071068, z: -0, w: 0.7071068}
  m_LocalPosition: {x: 0.005, y: 1.602, z: -0.377}
  m_LocalScale: {x: 0.99999976, y: 1, z: 0.99999976}
  m_Children:
  - {fileID: 3921735300685514871}
  m_Father: {fileID: 4656794868519205465}
  m_RootOrder: 8
  m_LocalEulerAnglesHint: {x: 0, y: 0, z: 0}
--- !u!1 &2336702605876584150
GameObject:
  m_ObjectHideFlags: 0
  m_CorrespondingSourceObject: {fileID: 0}
  m_PrefabInstance: {fileID: 0}
  m_PrefabAsset: {fileID: 0}
  serializedVersion: 6
  m_Component:
  - component: {fileID: 1642917442222549210}
  m_Layer: 0
  m_Name: mixamorig:Head
  m_TagString: Untagged
  m_Icon: {fileID: 0}
  m_NavMeshLayer: 0
  m_StaticEditorFlags: 0
  m_IsActive: 1
--- !u!4 &1642917442222549210
Transform:
  m_ObjectHideFlags: 0
  m_CorrespondingSourceObject: {fileID: 0}
  m_PrefabInstance: {fileID: 0}
  m_PrefabAsset: {fileID: 0}
  m_GameObject: {fileID: 2336702605876584150}
  m_LocalRotation: {x: 0, y: -0, z: -4.384594e-36, w: 1}
  m_LocalPosition: {x: -0, y: 0.109493405, z: 0.029764205}
  m_LocalScale: {x: 1, y: 1, z: 1}
  m_Children:
  - {fileID: 4581743650637933620}
  m_Father: {fileID: 2109530190282965408}
  m_RootOrder: 0
  m_LocalEulerAnglesHint: {x: 0, y: 0, z: 0}
--- !u!1 &2385410698887919634
GameObject:
  m_ObjectHideFlags: 0
  m_CorrespondingSourceObject: {fileID: 0}
  m_PrefabInstance: {fileID: 0}
  m_PrefabAsset: {fileID: 0}
  serializedVersion: 6
  m_Component:
  - component: {fileID: 7493645387258985576}
  m_Layer: 0
  m_Name: mixamorig:LeftHandThumb2
  m_TagString: Untagged
  m_Icon: {fileID: 0}
  m_NavMeshLayer: 0
  m_StaticEditorFlags: 0
  m_IsActive: 1
--- !u!4 &7493645387258985576
Transform:
  m_ObjectHideFlags: 0
  m_CorrespondingSourceObject: {fileID: 0}
  m_PrefabInstance: {fileID: 0}
  m_PrefabAsset: {fileID: 0}
  m_GameObject: {fileID: 2385410698887919634}
  m_LocalRotation: {x: 0.00009970401, y: 0.0015446482, z: 0.03680016, w: 0.99932146}
  m_LocalPosition: {x: 0.0017693402, y: 0.06393254, z: -0.0000000014953835}
  m_LocalScale: {x: 1, y: 1, z: 1}
  m_Children:
  - {fileID: 5295086239807242244}
  m_Father: {fileID: 82414286365954532}
  m_RootOrder: 0
  m_LocalEulerAnglesHint: {x: 0, y: 0, z: 0}
--- !u!1 &2610884838547495174
GameObject:
  m_ObjectHideFlags: 0
  m_CorrespondingSourceObject: {fileID: 0}
  m_PrefabInstance: {fileID: 0}
  m_PrefabAsset: {fileID: 0}
  serializedVersion: 6
  m_Component:
  - component: {fileID: 7472151842186707843}
  m_Layer: 0
  m_Name: mixamorig:LeftFoot
  m_TagString: Untagged
  m_Icon: {fileID: 0}
  m_NavMeshLayer: 0
  m_StaticEditorFlags: 0
  m_IsActive: 1
--- !u!4 &7472151842186707843
Transform:
  m_ObjectHideFlags: 0
  m_CorrespondingSourceObject: {fileID: 0}
  m_PrefabInstance: {fileID: 0}
  m_PrefabAsset: {fileID: 0}
  m_GameObject: {fileID: 2610884838547495174}
  m_LocalRotation: {x: 0.4131102, y: -0.10079893, z: 0.023080522, w: 0.90479106}
  m_LocalPosition: {x: -4.1724666e-12, y: 0.4060179, z: 0.0000000010141437}
  m_LocalScale: {x: 1, y: 1, z: 1}
  m_Children:
  - {fileID: 2208564848949898524}
  m_Father: {fileID: 2599801544309160815}
  m_RootOrder: 0
  m_LocalEulerAnglesHint: {x: 0, y: 0, z: 0}
--- !u!1 &2918131338311168145
GameObject:
  m_ObjectHideFlags: 0
  m_CorrespondingSourceObject: {fileID: 0}
  m_PrefabInstance: {fileID: 0}
  m_PrefabAsset: {fileID: 0}
  serializedVersion: 6
  m_Component:
  - component: {fileID: 2922435012535839672}
  m_Layer: 0
  m_Name: mixamorig:RightToe_End
  m_TagString: Untagged
  m_Icon: {fileID: 0}
  m_NavMeshLayer: 0
  m_StaticEditorFlags: 0
  m_IsActive: 1
--- !u!4 &2922435012535839672
Transform:
  m_ObjectHideFlags: 0
  m_CorrespondingSourceObject: {fileID: 0}
  m_PrefabInstance: {fileID: 0}
  m_PrefabAsset: {fileID: 0}
  m_GameObject: {fileID: 2918131338311168145}
  m_LocalRotation: {x: 0, y: -0, z: -0, w: 1}
  m_LocalPosition: {x: 8.998413e-10, y: 0.07739384, z: 5.7004616e-11}
  m_LocalScale: {x: 1, y: 1, z: 1}
  m_Children: []
  m_Father: {fileID: 8021832879124024090}
  m_RootOrder: 0
  m_LocalEulerAnglesHint: {x: 0, y: 0, z: 0}
--- !u!1 &3224661461111494751
GameObject:
  m_ObjectHideFlags: 0
  m_CorrespondingSourceObject: {fileID: 0}
  m_PrefabInstance: {fileID: 0}
  m_PrefabAsset: {fileID: 0}
  serializedVersion: 6
  m_Component:
  - component: {fileID: 82414286365954532}
  m_Layer: 0
  m_Name: mixamorig:LeftHandThumb1
  m_TagString: Untagged
  m_Icon: {fileID: 0}
  m_NavMeshLayer: 0
  m_StaticEditorFlags: 0
  m_IsActive: 1
--- !u!4 &82414286365954532
Transform:
  m_ObjectHideFlags: 0
  m_CorrespondingSourceObject: {fileID: 0}
  m_PrefabInstance: {fileID: 0}
  m_PrefabAsset: {fileID: 0}
  m_GameObject: {fileID: 3224661461111494751}
  m_LocalRotation: {x: 0.12933663, y: -0.051022924, z: -0.29793468, w: 0.9444065}
  m_LocalPosition: {x: 0.052946407, y: 0.05990046, z: 0.000000070837636}
  m_LocalScale: {x: 1, y: 1, z: 1}
  m_Children:
  - {fileID: 7493645387258985576}
  m_Father: {fileID: 2096038496768428145}
  m_RootOrder: 1
  m_LocalEulerAnglesHint: {x: 0, y: 0, z: 0}
--- !u!1 &3420185800977323507
GameObject:
  m_ObjectHideFlags: 0
  m_CorrespondingSourceObject: {fileID: 0}
  m_PrefabInstance: {fileID: 0}
  m_PrefabAsset: {fileID: 0}
  serializedVersion: 6
  m_Component:
  - component: {fileID: 9165790095772510410}
  m_Layer: 0
  m_Name: mixamorig:LeftToe_End
  m_TagString: Untagged
  m_Icon: {fileID: 0}
  m_NavMeshLayer: 0
  m_StaticEditorFlags: 0
  m_IsActive: 1
--- !u!4 &9165790095772510410
Transform:
  m_ObjectHideFlags: 0
  m_CorrespondingSourceObject: {fileID: 0}
  m_PrefabInstance: {fileID: 0}
  m_PrefabAsset: {fileID: 0}
  m_GameObject: {fileID: 3420185800977323507}
  m_LocalRotation: {x: 0, y: -0, z: -0, w: 1}
  m_LocalPosition: {x: 3.1680714e-10, y: 0.07600722, z: -4.3568555e-11}
  m_LocalScale: {x: 1, y: 1, z: 1}
  m_Children: []
  m_Father: {fileID: 2208564848949898524}
  m_RootOrder: 0
  m_LocalEulerAnglesHint: {x: 0, y: 0, z: 0}
--- !u!1 &3654885938352854305
GameObject:
  m_ObjectHideFlags: 0
  m_CorrespondingSourceObject: {fileID: 0}
  m_PrefabInstance: {fileID: 0}
  m_PrefabAsset: {fileID: 0}
  serializedVersion: 6
  m_Component:
  - component: {fileID: 5718386616732302286}
  m_Layer: 0
  m_Name: mixamorig:RightFoot
  m_TagString: Untagged
  m_Icon: {fileID: 0}
  m_NavMeshLayer: 0
  m_StaticEditorFlags: 0
  m_IsActive: 1
--- !u!4 &5718386616732302286
Transform:
  m_ObjectHideFlags: 0
  m_CorrespondingSourceObject: {fileID: 0}
  m_PrefabInstance: {fileID: 0}
  m_PrefabAsset: {fileID: 0}
  m_GameObject: {fileID: 3654885938352854305}
  m_LocalRotation: {x: 0.42275986, y: 0.09643533, z: -0.02286421, w: 0.90080607}
  m_LocalPosition: {x: 2.170708e-13, y: 0.40612438, z: 8.437206e-10}
  m_LocalScale: {x: 1, y: 1, z: 1}
  m_Children:
  - {fileID: 8021832879124024090}
  m_Father: {fileID: 803928767560520552}
  m_RootOrder: 0
  m_LocalEulerAnglesHint: {x: 0, y: 0, z: 0}
--- !u!1 &4179686066912588213
GameObject:
  m_ObjectHideFlags: 0
  m_CorrespondingSourceObject: {fileID: 0}
  m_PrefabInstance: {fileID: 0}
  m_PrefabAsset: {fileID: 0}
  serializedVersion: 6
  m_Component:
  - component: {fileID: 6306540494380563894}
  m_Layer: 0
  m_Name: mixamorig:Spine1
  m_TagString: Untagged
  m_Icon: {fileID: 0}
  m_NavMeshLayer: 0
  m_StaticEditorFlags: 0
  m_IsActive: 1
--- !u!4 &6306540494380563894
Transform:
  m_ObjectHideFlags: 0
  m_CorrespondingSourceObject: {fileID: 0}
  m_PrefabInstance: {fileID: 0}
  m_PrefabAsset: {fileID: 0}
  m_GameObject: {fileID: 4179686066912588213}
  m_LocalRotation: {x: 7.037411e-26, y: -1.04186326e-13, z: 6.7546397e-13, w: 1}
  m_LocalPosition: {x: -0, y: 0.17824847, z: 2.3966581e-10}
  m_LocalScale: {x: 1, y: 1, z: 1}
  m_Children:
  - {fileID: 4773271758715473373}
  m_Father: {fileID: 619501518226647390}
  m_RootOrder: 0
  m_LocalEulerAnglesHint: {x: 0, y: 0, z: 0}
--- !u!1 &4280704412672754486
GameObject:
  m_ObjectHideFlags: 0
  m_CorrespondingSourceObject: {fileID: 0}
  m_PrefabInstance: {fileID: 0}
  m_PrefabAsset: {fileID: 0}
  serializedVersion: 6
  m_Component:
  - component: {fileID: 3801264522862978351}
  m_Layer: 0
  m_Name: mixamorig:RightHandThumb2
  m_TagString: Untagged
  m_Icon: {fileID: 0}
  m_NavMeshLayer: 0
  m_StaticEditorFlags: 0
  m_IsActive: 1
--- !u!4 &3801264522862978351
Transform:
  m_ObjectHideFlags: 0
  m_CorrespondingSourceObject: {fileID: 0}
  m_PrefabInstance: {fileID: 0}
  m_PrefabAsset: {fileID: 0}
  m_GameObject: {fileID: 4280704412672754486}
  m_LocalRotation: {x: -0.000024141478, y: 0.00030307885, z: -0.017855434, w: 0.99984056}
  m_LocalPosition: {x: -0.004045001, y: 0.06395919, z: 1.2891092e-10}
  m_LocalScale: {x: 1, y: 1, z: 1}
  m_Children:
  - {fileID: 6693699691282050216}
  m_Father: {fileID: 3607640638244358476}
  m_RootOrder: 0
  m_LocalEulerAnglesHint: {x: 0, y: 0, z: 0}
--- !u!1 &4385933454662820429
GameObject:
  m_ObjectHideFlags: 0
  m_CorrespondingSourceObject: {fileID: 0}
  m_PrefabInstance: {fileID: 0}
  m_PrefabAsset: {fileID: 0}
  serializedVersion: 6
  m_Component:
  - component: {fileID: 7258014615549765658}
  m_Layer: 0
  m_Name: mixamorig:RightForeArm
  m_TagString: Untagged
  m_Icon: {fileID: 0}
  m_NavMeshLayer: 0
  m_StaticEditorFlags: 0
  m_IsActive: 1
--- !u!4 &7258014615549765658
Transform:
  m_ObjectHideFlags: 0
  m_CorrespondingSourceObject: {fileID: 0}
  m_PrefabInstance: {fileID: 0}
  m_PrefabAsset: {fileID: 0}
  m_GameObject: {fileID: 4385933454662820429}
  m_LocalRotation: {x: 0.00000038944037, y: -0.00032780584, z: 0.0000003518483, w: 0.99999994}
  m_LocalPosition: {x: 1.776069e-10, y: 0.3322193, z: -2.3123022e-10}
  m_LocalScale: {x: 1, y: 1, z: 1}
  m_Children:
  - {fileID: 6818265073562444410}
  m_Father: {fileID: 1472468103383106231}
  m_RootOrder: 0
  m_LocalEulerAnglesHint: {x: 0, y: 0, z: 0}
--- !u!1 &4428590317942827057
GameObject:
  m_ObjectHideFlags: 0
  m_CorrespondingSourceObject: {fileID: 0}
  m_PrefabInstance: {fileID: 0}
  m_PrefabAsset: {fileID: 0}
  serializedVersion: 6
  m_Component:
  - component: {fileID: 1690912295735709322}
  m_Layer: 0
  m_Name: mixamorig:LeftArm
  m_TagString: Untagged
  m_Icon: {fileID: 0}
  m_NavMeshLayer: 0
  m_StaticEditorFlags: 0
  m_IsActive: 1
--- !u!4 &1690912295735709322
Transform:
  m_ObjectHideFlags: 0
  m_CorrespondingSourceObject: {fileID: 0}
  m_PrefabInstance: {fileID: 0}
  m_PrefabAsset: {fileID: 0}
  m_GameObject: {fileID: 4428590317942827057}
  m_LocalRotation: {x: -0.14788271, y: -0.006010316, z: -0.010712879, w: 0.9889287}
  m_LocalPosition: {x: -3.2443725e-10, y: 0.18762243, z: 0.000000004125191}
  m_LocalScale: {x: 1, y: 1, z: 1}
  m_Children:
  - {fileID: 2449319747568640843}
  m_Father: {fileID: 7402988047726681414}
  m_RootOrder: 0
  m_LocalEulerAnglesHint: {x: 0, y: 0, z: 0}
--- !u!1 &4573697117152112797
GameObject:
  m_ObjectHideFlags: 0
  m_CorrespondingSourceObject: {fileID: 0}
  m_PrefabInstance: {fileID: 0}
  m_PrefabAsset: {fileID: 0}
  serializedVersion: 6
  m_Component:
  - component: {fileID: 3264968809581900282}
  m_Layer: 0
  m_Name: mixamorig:LeftHandIndex2
  m_TagString: Untagged
  m_Icon: {fileID: 0}
  m_NavMeshLayer: 0
  m_StaticEditorFlags: 0
  m_IsActive: 1
--- !u!4 &3264968809581900282
Transform:
  m_ObjectHideFlags: 0
  m_CorrespondingSourceObject: {fileID: 0}
  m_PrefabInstance: {fileID: 0}
  m_PrefabAsset: {fileID: 0}
  m_GameObject: {fileID: 4573697117152112797}
  m_LocalRotation: {x: 0.000013335513, y: -0.00037779045, z: 0.004692143, w: 0.9999889}
  m_LocalPosition: {x: -0.0041155093, y: 0.10322081, z: -1.7482989e-10}
  m_LocalScale: {x: 1, y: 1, z: 1}
  m_Children:
  - {fileID: 2393073283179332489}
  m_Father: {fileID: 6151125464029320798}
  m_RootOrder: 0
  m_LocalEulerAnglesHint: {x: 0, y: 0, z: 0}
--- !u!1 &4987131049668960244
GameObject:
  m_ObjectHideFlags: 0
  m_CorrespondingSourceObject: {fileID: 0}
  m_PrefabInstance: {fileID: 0}
  m_PrefabAsset: {fileID: 0}
  serializedVersion: 6
  m_Component:
  - component: {fileID: 1472468103383106231}
  m_Layer: 0
  m_Name: mixamorig:RightArm
  m_TagString: Untagged
  m_Icon: {fileID: 0}
  m_NavMeshLayer: 0
  m_StaticEditorFlags: 0
  m_IsActive: 1
--- !u!4 &1472468103383106231
Transform:
  m_ObjectHideFlags: 0
  m_CorrespondingSourceObject: {fileID: 0}
  m_PrefabInstance: {fileID: 0}
  m_PrefabAsset: {fileID: 0}
  m_GameObject: {fileID: 4987131049668960244}
  m_LocalRotation: {x: -0.14743693, y: 0.0052673216, z: 0.015694203, w: 0.9889329}
  m_LocalPosition: {x: 4.5952891e-10, y: 0.18762243, z: 0.000000004112334}
  m_LocalScale: {x: 1, y: 1, z: 1}
  m_Children:
  - {fileID: 7258014615549765658}
  m_Father: {fileID: 2672420053837456431}
  m_RootOrder: 0
  m_LocalEulerAnglesHint: {x: 0, y: 0, z: 0}
--- !u!1 &4990268581352014162
GameObject:
  m_ObjectHideFlags: 0
  m_CorrespondingSourceObject: {fileID: 0}
  m_PrefabInstance: {fileID: 0}
  m_PrefabAsset: {fileID: 0}
  serializedVersion: 6
  m_Component:
  - component: {fileID: 7471028925936574851}
  - component: {fileID: 1599414176480841828}
  - component: {fileID: 8671301033033715377}
  - component: {fileID: 3257712846025276730}
  m_Layer: 5
  m_Name: Text (TMP)
  m_TagString: Untagged
  m_Icon: {fileID: 0}
  m_NavMeshLayer: 0
  m_StaticEditorFlags: 0
  m_IsActive: 1
--- !u!224 &7471028925936574851
RectTransform:
  m_ObjectHideFlags: 0
  m_CorrespondingSourceObject: {fileID: 0}
  m_PrefabInstance: {fileID: 0}
  m_PrefabAsset: {fileID: 0}
  m_GameObject: {fileID: 4990268581352014162}
  m_LocalRotation: {x: -0, y: -0, z: -0, w: 1}
  m_LocalPosition: {x: 0, y: 0, z: 0}
  m_LocalScale: {x: 1.0928104, y: 7.2053328, z: 1.0928104}
  m_Children: []
  m_Father: {fileID: 4620752664179041745}
  m_RootOrder: 0
  m_LocalEulerAnglesHint: {x: 0, y: 0, z: 0}
  m_AnchorMin: {x: 0.5, y: 0.5}
  m_AnchorMax: {x: 0.5, y: 0.5}
  m_AnchoredPosition: {x: 0, y: 0}
  m_SizeDelta: {x: 200, y: 50}
  m_Pivot: {x: 0.5, y: 0.5}
--- !u!222 &1599414176480841828
CanvasRenderer:
  m_ObjectHideFlags: 0
  m_CorrespondingSourceObject: {fileID: 0}
  m_PrefabInstance: {fileID: 0}
  m_PrefabAsset: {fileID: 0}
  m_GameObject: {fileID: 4990268581352014162}
  m_CullTransparentMesh: 1
--- !u!114 &8671301033033715377
MonoBehaviour:
  m_ObjectHideFlags: 0
  m_CorrespondingSourceObject: {fileID: 0}
  m_PrefabInstance: {fileID: 0}
  m_PrefabAsset: {fileID: 0}
  m_GameObject: {fileID: 4990268581352014162}
  m_Enabled: 1
  m_EditorHideFlags: 0
  m_Script: {fileID: 11500000, guid: f4688fdb7df04437aeb418b961361dc5, type: 3}
  m_Name: 
  m_EditorClassIdentifier: 
  m_Material: {fileID: 0}
  m_Color: {r: 1, g: 1, b: 1, a: 1}
  m_RaycastTarget: 1
  m_Maskable: 1
  m_OnCullStateChanged:
    m_PersistentCalls:
      m_Calls: []
  m_text: $0
  m_isRightToLeft: 0
  m_fontAsset: {fileID: 11400000, guid: 8f586378b4e144a9851e7b34d9b748ee, type: 2}
  m_sharedMaterial: {fileID: 2180264, guid: 8f586378b4e144a9851e7b34d9b748ee, type: 2}
  m_fontSharedMaterials: []
  m_fontMaterial: {fileID: 0}
  m_fontMaterials: []
  m_fontColor32:
    serializedVersion: 2
    rgba: 4287954737
  m_fontColor: {r: 0.19339621, g: 1, b: 0.57958835, a: 1}
  m_enableVertexGradient: 0
  m_colorMode: 3
  m_fontColorGradient:
    topLeft: {r: 1, g: 1, b: 1, a: 1}
    topRight: {r: 1, g: 1, b: 1, a: 1}
    bottomLeft: {r: 1, g: 1, b: 1, a: 1}
    bottomRight: {r: 1, g: 1, b: 1, a: 1}
  m_fontColorGradientPreset: {fileID: 0}
  m_spriteAsset: {fileID: 0}
  m_tintAllSprites: 0
  m_StyleSheet: {fileID: 0}
  m_TextStyleHashCode: -1183493901
  m_overrideHtmlColors: 0
  m_faceColor:
    serializedVersion: 2
    rgba: 4294967295
  m_fontSize: 32.15
  m_fontSizeBase: 32.15
  m_fontWeight: 400
  m_enableAutoSizing: 0
  m_fontSizeMin: 18
  m_fontSizeMax: 72
  m_fontStyle: 1
  m_HorizontalAlignment: 2
  m_VerticalAlignment: 512
  m_textAlignment: 65535
  m_characterSpacing: 0
  m_wordSpacing: 0
  m_lineSpacing: 0
  m_lineSpacingMax: 0
  m_paragraphSpacing: 0
  m_charWidthMaxAdj: 0
  m_enableWordWrapping: 1
  m_wordWrappingRatios: 0.4
  m_overflowMode: 0
  m_linkedTextComponent: {fileID: 0}
  parentLinkedComponent: {fileID: 0}
  m_enableKerning: 1
  m_enableExtraPadding: 0
  checkPaddingRequired: 0
  m_isRichText: 1
  m_parseCtrlCharacters: 1
  m_isOrthographic: 1
  m_isCullingEnabled: 0
  m_horizontalMapping: 0
  m_verticalMapping: 0
  m_uvLineOffset: 0
  m_geometrySortingOrder: 0
  m_IsTextObjectScaleStatic: 0
  m_VertexBufferAutoSizeReduction: 0
  m_useMaxVisibleDescender: 1
  m_pageToDisplay: 1
  m_margin: {x: 0, y: 0, z: 0, w: 0}
  m_isUsingLegacyAnimationComponent: 0
  m_isVolumetricText: 0
  m_hasFontAssetChanged: 0
  m_baseMaterial: {fileID: 0}
  m_maskOffset: {x: 0, y: 0, z: 0, w: 0}
--- !u!114 &3257712846025276730
MonoBehaviour:
  m_ObjectHideFlags: 0
  m_CorrespondingSourceObject: {fileID: 0}
  m_PrefabInstance: {fileID: 0}
  m_PrefabAsset: {fileID: 0}
  m_GameObject: {fileID: 4990268581352014162}
  m_Enabled: 1
  m_EditorHideFlags: 0
  m_Script: {fileID: 11500000, guid: ef3f631e2bc3ca14cad29c93b5d047f5, type: 3}
  m_Name: 
  m_EditorClassIdentifier: 
--- !u!1 &5119025073958048587
GameObject:
  m_ObjectHideFlags: 0
  m_CorrespondingSourceObject: {fileID: 0}
  m_PrefabInstance: {fileID: 0}
  m_PrefabAsset: {fileID: 0}
  serializedVersion: 6
  m_Component:
  - component: {fileID: 2672420053837456431}
  m_Layer: 0
  m_Name: mixamorig:RightShoulder
  m_TagString: Untagged
  m_Icon: {fileID: 0}
  m_NavMeshLayer: 0
  m_StaticEditorFlags: 0
  m_IsActive: 1
--- !u!4 &2672420053837456431
Transform:
  m_ObjectHideFlags: 0
  m_CorrespondingSourceObject: {fileID: 0}
  m_PrefabInstance: {fileID: 0}
  m_PrefabAsset: {fileID: 0}
  m_GameObject: {fileID: 5119025073958048587}
  m_LocalRotation: {x: -0.5588777, y: -0.42759493, z: 0.5774595, w: -0.41395506}
  m_LocalPosition: {x: 0.08977605, y: 0.20135725, z: -0.0029631597}
  m_LocalScale: {x: 1, y: 1, z: 1}
  m_Children:
  - {fileID: 1472468103383106231}
  m_Father: {fileID: 4773271758715473373}
  m_RootOrder: 2
  m_LocalEulerAnglesHint: {x: 0, y: 0, z: 0}
--- !u!1 &5201652773730599864
GameObject:
  m_ObjectHideFlags: 0
  m_CorrespondingSourceObject: {fileID: 0}
  m_PrefabInstance: {fileID: 0}
  m_PrefabAsset: {fileID: 0}
  serializedVersion: 6
  m_Component:
  - component: {fileID: 932263325511490253}
  m_Layer: 0
  m_Name: mixamorig:Hips
  m_TagString: Untagged
  m_Icon: {fileID: 0}
  m_NavMeshLayer: 0
  m_StaticEditorFlags: 0
  m_IsActive: 1
--- !u!4 &932263325511490253
Transform:
  m_ObjectHideFlags: 0
  m_CorrespondingSourceObject: {fileID: 0}
  m_PrefabInstance: {fileID: 0}
  m_PrefabAsset: {fileID: 0}
  m_GameObject: {fileID: 5201652773730599864}
  m_LocalRotation: {x: 0.00000005276847, y: -0.00000020933157, z: 0.000008174831,
    w: 1}
  m_LocalPosition: {x: 0, y: 1.0378153, z: 0}
  m_LocalScale: {x: 1, y: 1, z: 1}
  m_Children:
  - {fileID: 7254898599053206449}
  - {fileID: 3924184832906571250}
  - {fileID: 619501518226647390}
  m_Father: {fileID: 4656794868519205465}
  m_RootOrder: 1
  m_LocalEulerAnglesHint: {x: 0, y: 0, z: 0}
--- !u!1 &5279509342116623559
GameObject:
  m_ObjectHideFlags: 0
  m_CorrespondingSourceObject: {fileID: 0}
  m_PrefabInstance: {fileID: 0}
  m_PrefabAsset: {fileID: 0}
  serializedVersion: 6
  m_Component:
  - component: {fileID: 4930300149061451514}
  m_Layer: 0
  m_Name: mixamorig:RightHandThumb4
  m_TagString: Untagged
  m_Icon: {fileID: 0}
  m_NavMeshLayer: 0
  m_StaticEditorFlags: 0
  m_IsActive: 1
--- !u!4 &4930300149061451514
Transform:
  m_ObjectHideFlags: 0
  m_CorrespondingSourceObject: {fileID: 0}
  m_PrefabInstance: {fileID: 0}
  m_PrefabAsset: {fileID: 0}
  m_GameObject: {fileID: 5279509342116623559}
  m_LocalRotation: {x: 0, y: -0, z: -0, w: 1}
  m_LocalPosition: {x: 0.011395795, y: 0.061895914, z: 3.0727393e-10}
  m_LocalScale: {x: 1, y: 1, z: 1}
  m_Children: []
  m_Father: {fileID: 6693699691282050216}
  m_RootOrder: 0
  m_LocalEulerAnglesHint: {x: 0, y: 0, z: 0}
--- !u!1 &5470627723326169315
GameObject:
  m_ObjectHideFlags: 0
  m_CorrespondingSourceObject: {fileID: 0}
  m_PrefabInstance: {fileID: 0}
  m_PrefabAsset: {fileID: 0}
  serializedVersion: 6
  m_Component:
  - component: {fileID: 4656794868519205465}
  - component: {fileID: 1603403058347188259}
  - component: {fileID: 4009499597917819347}
  - component: {fileID: 7053306898378384709}
  - component: {fileID: 8554476602604106391}
  - component: {fileID: 1372915091325603826}
  - component: {fileID: 350828389595893241}
  - component: {fileID: 3257712845398789403}
  - component: {fileID: 8016539233458113704}
  - component: {fileID: 3257712845398789404}
  - component: {fileID: 3588043255372021117}
  m_Layer: 0
  m_Name: 'Player '
  m_TagString: Player
  m_Icon: {fileID: 0}
  m_NavMeshLayer: 0
  m_StaticEditorFlags: 0
  m_IsActive: 1
--- !u!4 &4656794868519205465
Transform:
  m_ObjectHideFlags: 0
  m_CorrespondingSourceObject: {fileID: 0}
  m_PrefabInstance: {fileID: 0}
  m_PrefabAsset: {fileID: 0}
  m_GameObject: {fileID: 5470627723326169315}
  m_LocalRotation: {x: 0, y: -0.7071068, z: 0, w: 0.7071068}
  m_LocalPosition: {x: 14.1, y: -225, z: 1.3}
  m_LocalScale: {x: 1, y: 1, z: 1}
  m_Children:
  - {fileID: 2706112869991610278}
  - {fileID: 932263325511490253}
  - {fileID: 4620752664179041745}
  - {fileID: 4228369872061515069}
  - {fileID: 1974544243587974089}
  - {fileID: 3891450248010433014}
  - {fileID: 2309521578775045778}
  - {fileID: 4803645756387566895}
  - {fileID: 7219350313715412229}
  m_Father: {fileID: 0}
  m_RootOrder: 0
  m_LocalEulerAnglesHint: {x: 0, y: -90, z: 0}
--- !u!95 &1603403058347188259
Animator:
  serializedVersion: 3
  m_ObjectHideFlags: 0
  m_CorrespondingSourceObject: {fileID: 0}
  m_PrefabInstance: {fileID: 0}
  m_PrefabAsset: {fileID: 0}
  m_GameObject: {fileID: 5470627723326169315}
  m_Enabled: 1
  m_Avatar: {fileID: 9000000, guid: 65d8064dc64914f89b0e88cd6b660d1f, type: 3}
  m_Controller: {fileID: 9100000, guid: a82f8144963ab43c1b94e4a56d87d550, type: 2}
  m_CullingMode: 1
  m_UpdateMode: 0
  m_ApplyRootMotion: 1
  m_LinearVelocityBlending: 0
  m_WarningMessage: 
  m_HasTransformHierarchy: 1
  m_AllowConstantClipSamplingOptimization: 1
  m_KeepAnimatorControllerStateOnDisable: 0
--- !u!114 &4009499597917819347
MonoBehaviour:
  m_ObjectHideFlags: 0
  m_CorrespondingSourceObject: {fileID: 0}
  m_PrefabInstance: {fileID: 0}
  m_PrefabAsset: {fileID: 0}
  m_GameObject: {fileID: 5470627723326169315}
  m_Enabled: 1
  m_EditorHideFlags: 0
  m_Script: {fileID: 11500000, guid: 0843158ad698e7440b9b9985ed8ded47, type: 3}
  m_Name: 
  m_EditorClassIdentifier: 
  speedGauge: {fileID: 0}
  cameraController: {fileID: 0}
  dirivedLevelController: {fileID: 0}
  turnSpeed: 10
  runSpeed: 2
  sensitivity: 100
  zClampMod: 5.5
--- !u!114 &7053306898378384709
MonoBehaviour:
  m_ObjectHideFlags: 0
  m_CorrespondingSourceObject: {fileID: 0}
  m_PrefabInstance: {fileID: 0}
  m_PrefabAsset: {fileID: 0}
  m_GameObject: {fileID: 5470627723326169315}
  m_Enabled: 1
  m_EditorHideFlags: 0
  m_Script: {fileID: 11500000, guid: cddcbbee6589aa54597d922643b4b05a, type: 3}
  m_Name: 
  m_EditorClassIdentifier: 
  startingScore: 0
  moneyLosingSpeed: 650
  scoreDisplayController: {fileID: 3257712846025276730}
  levelResult: {fileID: 0}
--- !u!114 &8554476602604106391
MonoBehaviour:
  m_ObjectHideFlags: 0
  m_CorrespondingSourceObject: {fileID: 0}
  m_PrefabInstance: {fileID: 0}
  m_PrefabAsset: {fileID: 0}
  m_GameObject: {fileID: 5470627723326169315}
  m_Enabled: 1
  m_EditorHideFlags: 0
  m_Script: {fileID: 11500000, guid: a620690062272b044a982ec8fc32f7cf, type: 3}
  m_Name: 
  m_EditorClassIdentifier: 
  checkpoints:
  - {fileID: 0}
  - {fileID: 0}
  - {fileID: 0}
--- !u!54 &1372915091325603826
Rigidbody:
  m_ObjectHideFlags: 0
  m_CorrespondingSourceObject: {fileID: 0}
  m_PrefabInstance: {fileID: 0}
  m_PrefabAsset: {fileID: 0}
  m_GameObject: {fileID: 5470627723326169315}
  serializedVersion: 2
  m_Mass: 1
  m_Drag: 0
  m_AngularDrag: 0
  m_UseGravity: 0
  m_IsKinematic: 0
  m_Interpolate: 0
  m_Constraints: 84
  m_CollisionDetection: 0
--- !u!136 &350828389595893241
CapsuleCollider:
  m_ObjectHideFlags: 0
  m_CorrespondingSourceObject: {fileID: 0}
  m_PrefabInstance: {fileID: 0}
  m_PrefabAsset: {fileID: 0}
  m_GameObject: {fileID: 5470627723326169315}
  m_Material: {fileID: 0}
  m_IsTrigger: 0
  m_Enabled: 1
  m_Radius: 0.7
  m_Height: 4
  m_Direction: 1
  m_Center: {x: 0, y: 1.2, z: 0}
--- !u!114 &3257712845398789403
MonoBehaviour:
  m_ObjectHideFlags: 0
  m_CorrespondingSourceObject: {fileID: 0}
  m_PrefabInstance: {fileID: 0}
  m_PrefabAsset: {fileID: 0}
  m_GameObject: {fileID: 5470627723326169315}
  m_Enabled: 0
  m_EditorHideFlags: 0
  m_Script: {fileID: 11500000, guid: 008fb4be946ab364cb111e60ae4297f6, type: 3}
  m_Name: 
  m_EditorClassIdentifier: 
  speedGauge: {fileID: 0}
  dirivedLevelController: {fileID: 0}
  BotTapPerSec: 3
  CarMin: 0.4
  CarMax: 0.8
  CarAcceleration: 0.0065
  BikeMin: 0.3
  BikeMax: 0.6
  BikeAcceleration: 0.006
  JetpackMin: 0.5
  JetpackMax: 1
  JetpackAcceleration: 0.008
  SkateMin: 0.3
  SkateMax: 0.4
  SkateAcceleration: 0.005
  FootMin: 0.3
  FootMax: 0.35
  FootAcceleration: 0.004
--- !u!114 &8016539233458113704
MonoBehaviour:
  m_ObjectHideFlags: 0
  m_CorrespondingSourceObject: {fileID: 0}
  m_PrefabInstance: {fileID: 0}
  m_PrefabAsset: {fileID: 0}
  m_GameObject: {fileID: 5470627723326169315}
  m_Enabled: 0
  m_EditorHideFlags: 0
  m_Script: {fileID: 11500000, guid: 8d1c5032e830b95449938d0c86dc4a28, type: 3}
  m_Name: 
  m_EditorClassIdentifier: 
  decidePos: {fileID: 0}
  vehicleList: []
--- !u!114 &3257712845398789404
MonoBehaviour:
  m_ObjectHideFlags: 0
  m_CorrespondingSourceObject: {fileID: 0}
  m_PrefabInstance: {fileID: 0}
  m_PrefabAsset: {fileID: 0}
  m_GameObject: {fileID: 5470627723326169315}
  m_Enabled: 0
  m_EditorHideFlags: 0
  m_Script: {fileID: 11500000, guid: 0d80125c6f5836546b153de53165029e, type: 3}
  m_Name: 
  m_EditorClassIdentifier: 
--- !u!195 &3588043255372021117
NavMeshAgent:
  m_ObjectHideFlags: 0
  m_CorrespondingSourceObject: {fileID: 0}
  m_PrefabInstance: {fileID: 0}
  m_PrefabAsset: {fileID: 0}
  m_GameObject: {fileID: 5470627723326169315}
  m_Enabled: 0
  m_AgentTypeID: 0
  m_Radius: 0.5
  m_Speed: 5
  m_Acceleration: 8
  avoidancePriority: 50
  m_AngularSpeed: 1000
  m_StoppingDistance: 0
  m_AutoTraverseOffMeshLink: 1
  m_AutoBraking: 1
  m_AutoRepath: 1
  m_Height: 2
  m_BaseOffset: 0
  m_WalkableMask: 4294967295
  m_ObstacleAvoidanceType: 4
--- !u!1 &5950263158145773833
GameObject:
  m_ObjectHideFlags: 0
  m_CorrespondingSourceObject: {fileID: 0}
  m_PrefabInstance: {fileID: 0}
  m_PrefabAsset: {fileID: 0}
  serializedVersion: 6
  m_Component:
  - component: {fileID: 619501518226647390}
  m_Layer: 0
  m_Name: mixamorig:Spine
  m_TagString: Untagged
  m_Icon: {fileID: 0}
  m_NavMeshLayer: 0
  m_StaticEditorFlags: 0
  m_IsActive: 1
--- !u!4 &619501518226647390
Transform:
  m_ObjectHideFlags: 0
  m_CorrespondingSourceObject: {fileID: 0}
  m_PrefabInstance: {fileID: 0}
  m_PrefabAsset: {fileID: 0}
  m_GameObject: {fileID: 5950263158145773833}
  m_LocalRotation: {x: -0.045293923, y: 0.00000057939036, z: -0.000008156961, w: 0.9989737}
  m_LocalPosition: {x: -0, y: 0.15215759, z: -0.013826193}
  m_LocalScale: {x: 1, y: 1, z: 1}
  m_Children:
  - {fileID: 6306540494380563894}
  m_Father: {fileID: 932263325511490253}
  m_RootOrder: 2
  m_LocalEulerAnglesHint: {x: 0, y: 0, z: 0}
--- !u!1 &6178809462237489759
GameObject:
  m_ObjectHideFlags: 0
  m_CorrespondingSourceObject: {fileID: 0}
  m_PrefabInstance: {fileID: 0}
  m_PrefabAsset: {fileID: 0}
  serializedVersion: 6
  m_Component:
  - component: {fileID: 2208564848949898524}
  m_Layer: 0
  m_Name: mixamorig:LeftToeBase
  m_TagString: Untagged
  m_Icon: {fileID: 0}
  m_NavMeshLayer: 0
  m_StaticEditorFlags: 0
  m_IsActive: 1
--- !u!4 &2208564848949898524
Transform:
  m_ObjectHideFlags: 0
  m_CorrespondingSourceObject: {fileID: 0}
  m_PrefabInstance: {fileID: 0}
  m_PrefabAsset: {fileID: 0}
  m_GameObject: {fileID: 6178809462237489759}
  m_LocalRotation: {x: 0.38154522, y: -0.0515609, z: 0.021321721, w: 0.9226647}
  m_LocalPosition: {x: 3.106743e-10, y: 0.15114507, z: -0.0000000026649833}
  m_LocalScale: {x: 1, y: 1, z: 1}
  m_Children:
  - {fileID: 9165790095772510410}
  m_Father: {fileID: 7472151842186707843}
  m_RootOrder: 0
  m_LocalEulerAnglesHint: {x: 0, y: 0, z: 0}
--- !u!1 &6327007408610816134
GameObject:
  m_ObjectHideFlags: 0
  m_CorrespondingSourceObject: {fileID: 0}
  m_PrefabInstance: {fileID: 0}
  m_PrefabAsset: {fileID: 0}
  serializedVersion: 6
  m_Component:
  - component: {fileID: 2393073283179332489}
  m_Layer: 0
  m_Name: mixamorig:LeftHandIndex3
  m_TagString: Untagged
  m_Icon: {fileID: 0}
  m_NavMeshLayer: 0
  m_StaticEditorFlags: 0
  m_IsActive: 1
--- !u!4 &2393073283179332489
Transform:
  m_ObjectHideFlags: 0
  m_CorrespondingSourceObject: {fileID: 0}
  m_PrefabInstance: {fileID: 0}
  m_PrefabAsset: {fileID: 0}
  m_GameObject: {fileID: 6327007408610816134}
  m_LocalRotation: {x: 0.00019940887, y: 0.0058752573, z: 0.064381905, w: 0.99790806}
  m_LocalPosition: {x: -0.0025761425, y: 0.08451506, z: 1.0280587e-10}
  m_LocalScale: {x: 1, y: 1, z: 1}
  m_Children:
  - {fileID: 5436964604695329068}
  m_Father: {fileID: 3264968809581900282}
  m_RootOrder: 0
  m_LocalEulerAnglesHint: {x: 0, y: 0, z: 0}
--- !u!1 &6841992640110845917
GameObject:
  m_ObjectHideFlags: 0
  m_CorrespondingSourceObject: {fileID: 0}
  m_PrefabInstance: {fileID: 0}
  m_PrefabAsset: {fileID: 0}
  serializedVersion: 6
  m_Component:
  - component: {fileID: 3895510948573502228}
  m_Layer: 0
  m_Name: mixamorig:RightHandIndex1
  m_TagString: Untagged
  m_Icon: {fileID: 0}
  m_NavMeshLayer: 0
  m_StaticEditorFlags: 0
  m_IsActive: 1
--- !u!4 &3895510948573502228
Transform:
  m_ObjectHideFlags: 0
  m_CorrespondingSourceObject: {fileID: 0}
  m_PrefabInstance: {fileID: 0}
  m_PrefabAsset: {fileID: 0}
  m_GameObject: {fileID: 6841992640110845917}
  m_LocalRotation: {x: 0.0036196676, y: 0.001310691, z: -0.013711847, w: 0.9998986}
  m_LocalPosition: {x: -3.2793962e-11, y: 0.13718335, z: 0.0009978118}
  m_LocalScale: {x: 1, y: 1, z: 1}
  m_Children:
  - {fileID: 8414233307047732665}
  m_Father: {fileID: 6818265073562444410}
  m_RootOrder: 0
  m_LocalEulerAnglesHint: {x: 0, y: 0, z: 0}
--- !u!1 &6967651781906374591
GameObject:
  m_ObjectHideFlags: 0
  m_CorrespondingSourceObject: {fileID: 0}
  m_PrefabInstance: {fileID: 0}
  m_PrefabAsset: {fileID: 0}
  serializedVersion: 6
  m_Component:
  - component: {fileID: 7402988047726681414}
  m_Layer: 0
  m_Name: mixamorig:LeftShoulder
  m_TagString: Untagged
  m_Icon: {fileID: 0}
  m_NavMeshLayer: 0
  m_StaticEditorFlags: 0
  m_IsActive: 1
--- !u!4 &7402988047726681414
Transform:
  m_ObjectHideFlags: 0
  m_CorrespondingSourceObject: {fileID: 0}
  m_PrefabInstance: {fileID: 0}
  m_PrefabAsset: {fileID: 0}
  m_GameObject: {fileID: 6967651781906374591}
  m_LocalRotation: {x: 0.5618412, y: -0.4253566, z: 0.57493937, w: 0.41575348}
  m_LocalPosition: {x: -0.08977605, y: 0.20127878, z: -0.0020997433}
  m_LocalScale: {x: 1, y: 1, z: 1}
  m_Children:
  - {fileID: 1690912295735709322}
  m_Father: {fileID: 4773271758715473373}
  m_RootOrder: 0
  m_LocalEulerAnglesHint: {x: 0, y: 0, z: 0}
--- !u!1 &7099179885557035187
GameObject:
  m_ObjectHideFlags: 0
  m_CorrespondingSourceObject: {fileID: 0}
  m_PrefabInstance: {fileID: 0}
  m_PrefabAsset: {fileID: 0}
  serializedVersion: 6
  m_Component:
  - component: {fileID: 6818265073562444410}
  m_Layer: 0
  m_Name: mixamorig:RightHand
  m_TagString: Untagged
  m_Icon: {fileID: 0}
  m_NavMeshLayer: 0
  m_StaticEditorFlags: 0
  m_IsActive: 1
--- !u!4 &6818265073562444410
Transform:
  m_ObjectHideFlags: 0
  m_CorrespondingSourceObject: {fileID: 0}
  m_PrefabInstance: {fileID: 0}
  m_PrefabAsset: {fileID: 0}
  m_GameObject: {fileID: 7099179885557035187}
  m_LocalRotation: {x: -0.0035325328, y: 0.23883395, z: 0.00086894503, w: 0.9710536}
  m_LocalPosition: {x: -1.6697836e-10, y: 0.32701573, z: 2.1098855e-11}
  m_LocalScale: {x: 1, y: 1, z: 1}
  m_Children:
  - {fileID: 3895510948573502228}
  - {fileID: 3607640638244358476}
  m_Father: {fileID: 7258014615549765658}
  m_RootOrder: 0
  m_LocalEulerAnglesHint: {x: 0, y: 0, z: 0}
--- !u!1 &7831756180738250655
GameObject:
  m_ObjectHideFlags: 0
  m_CorrespondingSourceObject: {fileID: 0}
  m_PrefabInstance: {fileID: 0}
  m_PrefabAsset: {fileID: 0}
  serializedVersion: 6
  m_Component:
  - component: {fileID: 7254898599053206449}
  m_Layer: 0
  m_Name: mixamorig:LeftUpLeg
  m_TagString: Untagged
  m_Icon: {fileID: 0}
  m_NavMeshLayer: 0
  m_StaticEditorFlags: 0
  m_IsActive: 1
--- !u!4 &7254898599053206449
Transform:
  m_ObjectHideFlags: 0
  m_CorrespondingSourceObject: {fileID: 0}
  m_PrefabInstance: {fileID: 0}
  m_PrefabAsset: {fileID: 0}
  m_GameObject: {fileID: 7831756180738250655}
  m_LocalRotation: {x: -0.00079353113, y: 0.003565903, z: 0.9999291, w: 0.011339325}
  m_LocalPosition: {x: -0.112780645, y: -0.0845198, z: -0.006680102}
  m_LocalScale: {x: 1, y: 1, z: 1}
  m_Children:
  - {fileID: 2599801544309160815}
  m_Father: {fileID: 932263325511490253}
  m_RootOrder: 0
  m_LocalEulerAnglesHint: {x: 0, y: 0, z: 0}
--- !u!1 &7843067680493449974
GameObject:
  m_ObjectHideFlags: 0
  m_CorrespondingSourceObject: {fileID: 0}
  m_PrefabInstance: {fileID: 0}
  m_PrefabAsset: {fileID: 0}
  serializedVersion: 6
  m_Component:
  - component: {fileID: 8414233307047732665}
  m_Layer: 0
  m_Name: mixamorig:RightHandIndex2
  m_TagString: Untagged
  m_Icon: {fileID: 0}
  m_NavMeshLayer: 0
  m_StaticEditorFlags: 0
  m_IsActive: 1
--- !u!4 &8414233307047732665
Transform:
  m_ObjectHideFlags: 0
  m_CorrespondingSourceObject: {fileID: 0}
  m_PrefabInstance: {fileID: 0}
  m_PrefabAsset: {fileID: 0}
  m_GameObject: {fileID: 7843067680493449974}
  m_LocalRotation: {x: -0.00039154617, y: -0.00804107, z: 0.07601987, w: 0.9970738}
  m_LocalPosition: {x: -0.0028979164, y: 0.1056062, z: 3.3122774e-10}
  m_LocalScale: {x: 1, y: 1, z: 1}
  m_Children:
  - {fileID: 114705526442792688}
  m_Father: {fileID: 3895510948573502228}
  m_RootOrder: 0
  m_LocalEulerAnglesHint: {x: 0, y: 0, z: 0}
--- !u!1 &7887898647898562482
GameObject:
  m_ObjectHideFlags: 0
  m_CorrespondingSourceObject: {fileID: 0}
  m_PrefabInstance: {fileID: 0}
  m_PrefabAsset: {fileID: 0}
  serializedVersion: 6
  m_Component:
  - component: {fileID: 2599801544309160815}
  m_Layer: 0
  m_Name: mixamorig:LeftLeg
  m_TagString: Untagged
  m_Icon: {fileID: 0}
  m_NavMeshLayer: 0
  m_StaticEditorFlags: 0
  m_IsActive: 1
--- !u!4 &2599801544309160815
Transform:
  m_ObjectHideFlags: 0
  m_CorrespondingSourceObject: {fileID: 0}
  m_PrefabInstance: {fileID: 0}
  m_PrefabAsset: {fileID: 0}
  m_GameObject: {fileID: 7887898647898562482}
  m_LocalRotation: {x: -0.04065479, y: -0.0014173383, z: 0.023626195, w: 0.9988929}
  m_LocalPosition: {x: -6.961528e-11, y: 0.44130182, z: -5.57201e-10}
  m_LocalScale: {x: 1, y: 1, z: 1}
  m_Children:
  - {fileID: 7472151842186707843}
  m_Father: {fileID: 7254898599053206449}
  m_RootOrder: 0
  m_LocalEulerAnglesHint: {x: 0, y: 0, z: 0}
--- !u!1 &8004019787552352374
GameObject:
  m_ObjectHideFlags: 0
  m_CorrespondingSourceObject: {fileID: 0}
  m_PrefabInstance: {fileID: 0}
  m_PrefabAsset: {fileID: 0}
  serializedVersion: 6
  m_Component:
  - component: {fileID: 4581743650637933620}
  m_Layer: 0
  m_Name: mixamorig:HeadTop_End
  m_TagString: Untagged
  m_Icon: {fileID: 0}
  m_NavMeshLayer: 0
  m_StaticEditorFlags: 0
  m_IsActive: 1
--- !u!4 &4581743650637933620
Transform:
  m_ObjectHideFlags: 0
  m_CorrespondingSourceObject: {fileID: 0}
  m_PrefabInstance: {fileID: 0}
  m_PrefabAsset: {fileID: 0}
  m_GameObject: {fileID: 8004019787552352374}
  m_LocalRotation: {x: 0, y: -0, z: -0, w: 1}
  m_LocalPosition: {x: -0, y: 0.5419391, z: 0.14731836}
  m_LocalScale: {x: 1, y: 1, z: 1}
  m_Children: []
  m_Father: {fileID: 1642917442222549210}
  m_RootOrder: 0
  m_LocalEulerAnglesHint: {x: 0, y: 0, z: 0}
--- !u!1 &8073951544646919854
GameObject:
  m_ObjectHideFlags: 0
  m_CorrespondingSourceObject: {fileID: 0}
  m_PrefabInstance: {fileID: 0}
  m_PrefabAsset: {fileID: 0}
  serializedVersion: 6
  m_Component:
  - component: {fileID: 5436964604695329068}
  m_Layer: 0
  m_Name: mixamorig:LeftHandIndex4
  m_TagString: Untagged
  m_Icon: {fileID: 0}
  m_NavMeshLayer: 0
  m_StaticEditorFlags: 0
  m_IsActive: 1
--- !u!4 &5436964604695329068
Transform:
  m_ObjectHideFlags: 0
  m_CorrespondingSourceObject: {fileID: 0}
  m_PrefabInstance: {fileID: 0}
  m_PrefabAsset: {fileID: 0}
  m_GameObject: {fileID: 8073951544646919854}
  m_LocalRotation: {x: 0, y: -0, z: -0, w: 1}
  m_LocalPosition: {x: 0.006691652, y: 0.06779927, z: -0.0000000011223431}
  m_LocalScale: {x: 1, y: 1, z: 1}
  m_Children: []
  m_Father: {fileID: 2393073283179332489}
  m_RootOrder: 0
  m_LocalEulerAnglesHint: {x: 0, y: 0, z: 0}
--- !u!1 &8128295491577030858
GameObject:
  m_ObjectHideFlags: 0
  m_CorrespondingSourceObject: {fileID: 0}
  m_PrefabInstance: {fileID: 0}
  m_PrefabAsset: {fileID: 0}
  serializedVersion: 6
  m_Component:
  - component: {fileID: 2109530190282965408}
  m_Layer: 0
  m_Name: mixamorig:Neck
  m_TagString: Untagged
  m_Icon: {fileID: 0}
  m_NavMeshLayer: 0
  m_StaticEditorFlags: 0
  m_IsActive: 1
--- !u!4 &2109530190282965408
Transform:
  m_ObjectHideFlags: 0
  m_CorrespondingSourceObject: {fileID: 0}
  m_PrefabInstance: {fileID: 0}
  m_PrefabAsset: {fileID: 0}
  m_GameObject: {fileID: 8128295491577030858}
  m_LocalRotation: {x: 0.04529385, y: 3.2290532e-14, z: 2.2907132e-13, w: 0.9989737}
  m_LocalPosition: {x: -0, y: 0.2291767, z: 0.0000000015976286}
  m_LocalScale: {x: 1, y: 1, z: 1}
  m_Children:
  - {fileID: 1642917442222549210}
  m_Father: {fileID: 4773271758715473373}
  m_RootOrder: 1
  m_LocalEulerAnglesHint: {x: 0, y: 0, z: 0}
--- !u!1 &8207694743880714489
GameObject:
  m_ObjectHideFlags: 0
  m_CorrespondingSourceObject: {fileID: 0}
  m_PrefabInstance: {fileID: 0}
  m_PrefabAsset: {fileID: 0}
  serializedVersion: 6
  m_Component:
  - component: {fileID: 2449319747568640843}
  m_Layer: 0
  m_Name: mixamorig:LeftForeArm
  m_TagString: Untagged
  m_Icon: {fileID: 0}
  m_NavMeshLayer: 0
  m_StaticEditorFlags: 0
  m_IsActive: 1
--- !u!4 &2449319747568640843
Transform:
  m_ObjectHideFlags: 0
  m_CorrespondingSourceObject: {fileID: 0}
  m_PrefabInstance: {fileID: 0}
  m_PrefabAsset: {fileID: 0}
  m_GameObject: {fileID: 8207694743880714489}
  m_LocalRotation: {x: -0.00000047543668, y: 0.00019116713, z: 0.00000023958702, w: 1}
  m_LocalPosition: {x: -0.0000000010314707, y: 0.33222002, z: 0.0000000010680344}
  m_LocalScale: {x: 1, y: 1, z: 1}
  m_Children:
  - {fileID: 2096038496768428145}
  m_Father: {fileID: 1690912295735709322}
  m_RootOrder: 0
  m_LocalEulerAnglesHint: {x: 0, y: 0, z: 0}
--- !u!1 &8431627803964157883
GameObject:
  m_ObjectHideFlags: 0
  m_CorrespondingSourceObject: {fileID: 0}
  m_PrefabInstance: {fileID: 0}
  m_PrefabAsset: {fileID: 0}
  serializedVersion: 6
  m_Component:
  - component: {fileID: 2965395206951402607}
  m_Layer: 0
  m_Name: mixamorig:RightHandIndex4
  m_TagString: Untagged
  m_Icon: {fileID: 0}
  m_NavMeshLayer: 0
  m_StaticEditorFlags: 0
  m_IsActive: 1
--- !u!4 &2965395206951402607
Transform:
  m_ObjectHideFlags: 0
  m_CorrespondingSourceObject: {fileID: 0}
  m_PrefabInstance: {fileID: 0}
  m_PrefabAsset: {fileID: 0}
  m_GameObject: {fileID: 8431627803964157883}
  m_LocalRotation: {x: 0, y: -0, z: -0, w: 1}
  m_LocalPosition: {x: -0.0078166835, y: 0.07469086, z: -2.072116e-10}
  m_LocalScale: {x: 1, y: 1, z: 1}
  m_Children: []
  m_Father: {fileID: 114705526442792688}
  m_RootOrder: 0
  m_LocalEulerAnglesHint: {x: 0, y: 0, z: 0}
--- !u!1 &8501560707213196581
GameObject:
  m_ObjectHideFlags: 0
  m_CorrespondingSourceObject: {fileID: 0}
  m_PrefabInstance: {fileID: 0}
  m_PrefabAsset: {fileID: 0}
  serializedVersion: 6
  m_Component:
  - component: {fileID: 8021832879124024090}
  m_Layer: 0
  m_Name: mixamorig:RightToeBase
  m_TagString: Untagged
  m_Icon: {fileID: 0}
  m_NavMeshLayer: 0
  m_StaticEditorFlags: 0
  m_IsActive: 1
--- !u!4 &8021832879124024090
Transform:
  m_ObjectHideFlags: 0
  m_CorrespondingSourceObject: {fileID: 0}
  m_PrefabInstance: {fileID: 0}
  m_PrefabAsset: {fileID: 0}
  m_GameObject: {fileID: 8501560707213196581}
  m_LocalRotation: {x: 0.3731165, y: 0.054961424, z: -0.022148417, w: 0.92589027}
  m_LocalPosition: {x: 0.000000001931206, y: 0.1540142, z: -0.000000007723297}
  m_LocalScale: {x: 1, y: 1, z: 1}
  m_Children:
  - {fileID: 2922435012535839672}
  m_Father: {fileID: 5718386616732302286}
  m_RootOrder: 0
  m_LocalEulerAnglesHint: {x: 0, y: 0, z: 0}
--- !u!1 &8650088977559994991
GameObject:
  m_ObjectHideFlags: 0
  m_CorrespondingSourceObject: {fileID: 0}
  m_PrefabInstance: {fileID: 0}
  m_PrefabAsset: {fileID: 0}
  serializedVersion: 6
  m_Component:
  - component: {fileID: 6151125464029320798}
  m_Layer: 0
  m_Name: mixamorig:LeftHandIndex1
  m_TagString: Untagged
  m_Icon: {fileID: 0}
  m_NavMeshLayer: 0
  m_StaticEditorFlags: 0
  m_IsActive: 1
--- !u!4 &6151125464029320798
Transform:
  m_ObjectHideFlags: 0
  m_CorrespondingSourceObject: {fileID: 0}
  m_PrefabInstance: {fileID: 0}
  m_PrefabAsset: {fileID: 0}
  m_GameObject: {fileID: 8650088977559994991}
  m_LocalRotation: {x: 0.0032970908, y: 0.0016280246, z: -0.019920642, w: 0.99979484}
  m_LocalPosition: {x: 3.4817843e-10, y: 0.14297557, z: 0.0009518926}
  m_LocalScale: {x: 1, y: 1, z: 1}
  m_Children:
  - {fileID: 3264968809581900282}
  m_Father: {fileID: 2096038496768428145}
  m_RootOrder: 0
  m_LocalEulerAnglesHint: {x: 0, y: 0, z: 0}
--- !u!1 &8740284054981907582
GameObject:
  m_ObjectHideFlags: 0
  m_CorrespondingSourceObject: {fileID: 0}
  m_PrefabInstance: {fileID: 0}
  m_PrefabAsset: {fileID: 0}
  serializedVersion: 6
  m_Component:
  - component: {fileID: 2096038496768428145}
  m_Layer: 0
  m_Name: mixamorig:LeftHand
  m_TagString: Untagged
  m_Icon: {fileID: 0}
  m_NavMeshLayer: 0
  m_StaticEditorFlags: 0
  m_IsActive: 1
--- !u!4 &2096038496768428145
Transform:
  m_ObjectHideFlags: 0
  m_CorrespondingSourceObject: {fileID: 0}
  m_PrefabInstance: {fileID: 0}
  m_PrefabAsset: {fileID: 0}
  m_GameObject: {fileID: 8740284054981907582}
  m_LocalRotation: {x: -0.0032536855, y: -0.2117607, z: -0.00070470385, w: 0.9773159}
  m_LocalPosition: {x: 1.7215945e-10, y: 0.32710502, z: 4.346475e-11}
  m_LocalScale: {x: 1, y: 1, z: 1}
  m_Children:
  - {fileID: 6151125464029320798}
  - {fileID: 82414286365954532}
  m_Father: {fileID: 2449319747568640843}
  m_RootOrder: 0
  m_LocalEulerAnglesHint: {x: 0, y: 0, z: 0}
--- !u!1 &8831108893906579231
GameObject:
  m_ObjectHideFlags: 0
  m_CorrespondingSourceObject: {fileID: 0}
  m_PrefabInstance: {fileID: 0}
  m_PrefabAsset: {fileID: 0}
  serializedVersion: 6
  m_Component:
  - component: {fileID: 114705526442792688}
  m_Layer: 0
  m_Name: mixamorig:RightHandIndex3
  m_TagString: Untagged
  m_Icon: {fileID: 0}
  m_NavMeshLayer: 0
  m_StaticEditorFlags: 0
  m_IsActive: 1
--- !u!4 &114705526442792688
Transform:
  m_ObjectHideFlags: 0
  m_CorrespondingSourceObject: {fileID: 0}
  m_PrefabInstance: {fileID: 0}
  m_PrefabAsset: {fileID: 0}
  m_GameObject: {fileID: 8831108893906579231}
  m_LocalRotation: {x: 0.0000266283, y: 0.0025793663, z: -0.11426697, w: 0.9934467}
  m_LocalPosition: {x: 0.010714599, y: 0.085441485, z: -2.9973052e-10}
  m_LocalScale: {x: 1, y: 1, z: 1}
  m_Children:
  - {fileID: 2965395206951402607}
  m_Father: {fileID: 8414233307047732665}
  m_RootOrder: 0
  m_LocalEulerAnglesHint: {x: 0, y: 0, z: 0}
--- !u!1 &9072265692500025115
GameObject:
  m_ObjectHideFlags: 0
  m_CorrespondingSourceObject: {fileID: 0}
  m_PrefabInstance: {fileID: 0}
  m_PrefabAsset: {fileID: 0}
  serializedVersion: 6
  m_Component:
  - component: {fileID: 6693699691282050216}
  m_Layer: 0
  m_Name: mixamorig:RightHandThumb3
  m_TagString: Untagged
  m_Icon: {fileID: 0}
  m_NavMeshLayer: 0
  m_StaticEditorFlags: 0
  m_IsActive: 1
--- !u!4 &6693699691282050216
Transform:
  m_ObjectHideFlags: 0
  m_CorrespondingSourceObject: {fileID: 0}
  m_PrefabInstance: {fileID: 0}
  m_PrefabAsset: {fileID: 0}
  m_GameObject: {fileID: 9072265692500025115}
  m_LocalRotation: {x: 0.00004230365, y: 0.0010137195, z: 0.14001259, w: 0.9901492}
  m_LocalPosition: {x: -0.007350799, y: 0.07410567, z: -0.0000000013605492}
  m_LocalScale: {x: 1, y: 1, z: 1}
  m_Children:
  - {fileID: 4930300149061451514}
  m_Father: {fileID: 3801264522862978351}
  m_RootOrder: 0
  m_LocalEulerAnglesHint: {x: 0, y: 0, z: 0}
--- !u!1 &9096429244048208003
GameObject:
  m_ObjectHideFlags: 0
  m_CorrespondingSourceObject: {fileID: 0}
  m_PrefabInstance: {fileID: 0}
  m_PrefabAsset: {fileID: 0}
  serializedVersion: 6
  m_Component:
  - component: {fileID: 5295086239807242244}
  m_Layer: 0
  m_Name: mixamorig:LeftHandThumb3
  m_TagString: Untagged
  m_Icon: {fileID: 0}
  m_NavMeshLayer: 0
  m_StaticEditorFlags: 0
  m_IsActive: 1
--- !u!4 &5295086239807242244
Transform:
  m_ObjectHideFlags: 0
  m_CorrespondingSourceObject: {fileID: 0}
  m_PrefabInstance: {fileID: 0}
  m_PrefabAsset: {fileID: 0}
  m_GameObject: {fileID: 9096429244048208003}
  m_LocalRotation: {x: -0.000032184365, y: 0.0011711603, z: -0.12824923, w: 0.9917413}
  m_LocalPosition: {x: 0.0076492196, y: 0.075265035, z: 0.0000000017640988}
  m_LocalScale: {x: 1, y: 1, z: 1}
  m_Children:
  - {fileID: 8048914860102987177}
  m_Father: {fileID: 7493645387258985576}
  m_RootOrder: 0
  m_LocalEulerAnglesHint: {x: 0, y: 0, z: 0}
--- !u!1001 &561497445401424473
PrefabInstance:
  m_ObjectHideFlags: 0
  serializedVersion: 2
  m_Modification:
    m_TransformParent: {fileID: 4656794868519205465}
    m_Modifications:
    - target: {fileID: 2866478834936222923, guid: 7644ae4164bc23e4ba147c6e61b77969,
        type: 3}
      propertyPath: m_RootOrder
      value: 6
      objectReference: {fileID: 0}
    - target: {fileID: 2866478834936222923, guid: 7644ae4164bc23e4ba147c6e61b77969,
        type: 3}
      propertyPath: m_LocalPosition.x
      value: -0.09
      objectReference: {fileID: 0}
    - target: {fileID: 2866478834936222923, guid: 7644ae4164bc23e4ba147c6e61b77969,
        type: 3}
      propertyPath: m_LocalPosition.y
      value: -0.12
      objectReference: {fileID: 0}
    - target: {fileID: 2866478834936222923, guid: 7644ae4164bc23e4ba147c6e61b77969,
        type: 3}
      propertyPath: m_LocalPosition.z
      value: 0
      objectReference: {fileID: 0}
    - target: {fileID: 2866478834936222923, guid: 7644ae4164bc23e4ba147c6e61b77969,
        type: 3}
      propertyPath: m_LocalRotation.w
      value: 0.50008726
      objectReference: {fileID: 0}
    - target: {fileID: 2866478834936222923, guid: 7644ae4164bc23e4ba147c6e61b77969,
        type: 3}
      propertyPath: m_LocalRotation.x
      value: -0.49991274
      objectReference: {fileID: 0}
    - target: {fileID: 2866478834936222923, guid: 7644ae4164bc23e4ba147c6e61b77969,
        type: 3}
      propertyPath: m_LocalRotation.y
      value: 0.50008726
      objectReference: {fileID: 0}
    - target: {fileID: 2866478834936222923, guid: 7644ae4164bc23e4ba147c6e61b77969,
        type: 3}
      propertyPath: m_LocalRotation.z
      value: 0.49991274
      objectReference: {fileID: 0}
    - target: {fileID: 2866478834936222923, guid: 7644ae4164bc23e4ba147c6e61b77969,
        type: 3}
      propertyPath: m_LocalEulerAnglesHint.x
      value: -89.98
      objectReference: {fileID: 0}
    - target: {fileID: 2866478834936222923, guid: 7644ae4164bc23e4ba147c6e61b77969,
        type: 3}
      propertyPath: m_LocalEulerAnglesHint.y
      value: 90
      objectReference: {fileID: 0}
    - target: {fileID: 2866478834936222923, guid: 7644ae4164bc23e4ba147c6e61b77969,
        type: 3}
      propertyPath: m_LocalEulerAnglesHint.z
      value: 0
      objectReference: {fileID: 0}
    - target: {fileID: 5747883083847917186, guid: 7644ae4164bc23e4ba147c6e61b77969,
        type: 3}
      propertyPath: m_Name
      value: Skate
      objectReference: {fileID: 0}
    - target: {fileID: 5747883083847917186, guid: 7644ae4164bc23e4ba147c6e61b77969,
        type: 3}
      propertyPath: m_IsActive
      value: 0
      objectReference: {fileID: 0}
    m_RemovedComponents: []
  m_SourcePrefab: {fileID: 100100000, guid: 7644ae4164bc23e4ba147c6e61b77969, type: 3}
--- !u!4 &2309521578775045778 stripped
Transform:
  m_CorrespondingSourceObject: {fileID: 2866478834936222923, guid: 7644ae4164bc23e4ba147c6e61b77969,
    type: 3}
  m_PrefabInstance: {fileID: 561497445401424473}
  m_PrefabAsset: {fileID: 0}
--- !u!1001 &2722570606959202349
PrefabInstance:
  m_ObjectHideFlags: 0
  serializedVersion: 2
  m_Modification:
    m_TransformParent: {fileID: 3891450248010433014}
    m_Modifications:
    - target: {fileID: 150596, guid: 341fc2e91226cc747a53965fecbee5c6, type: 3}
      propertyPath: m_Name
      value: SmokeWhite
      objectReference: {fileID: 0}
    - target: {fileID: 434340, guid: 341fc2e91226cc747a53965fecbee5c6, type: 3}
      propertyPath: m_RootOrder
      value: 0
      objectReference: {fileID: 0}
    - target: {fileID: 434340, guid: 341fc2e91226cc747a53965fecbee5c6, type: 3}
      propertyPath: m_LocalScale.x
      value: 0.0068507018
      objectReference: {fileID: 0}
    - target: {fileID: 434340, guid: 341fc2e91226cc747a53965fecbee5c6, type: 3}
      propertyPath: m_LocalScale.y
      value: 0.006850702
      objectReference: {fileID: 0}
    - target: {fileID: 434340, guid: 341fc2e91226cc747a53965fecbee5c6, type: 3}
      propertyPath: m_LocalScale.z
      value: 0.0068507018
      objectReference: {fileID: 0}
    - target: {fileID: 434340, guid: 341fc2e91226cc747a53965fecbee5c6, type: 3}
      propertyPath: m_LocalPosition.x
      value: 0.026600005
      objectReference: {fileID: 0}
    - target: {fileID: 434340, guid: 341fc2e91226cc747a53965fecbee5c6, type: 3}
      propertyPath: m_LocalPosition.y
      value: -0.0050022355
      objectReference: {fileID: 0}
    - target: {fileID: 434340, guid: 341fc2e91226cc747a53965fecbee5c6, type: 3}
      propertyPath: m_LocalPosition.z
      value: -0.0063982364
      objectReference: {fileID: 0}
    - target: {fileID: 434340, guid: 341fc2e91226cc747a53965fecbee5c6, type: 3}
      propertyPath: m_LocalRotation.w
      value: 0.49991348
      objectReference: {fileID: 0}
    - target: {fileID: 434340, guid: 341fc2e91226cc747a53965fecbee5c6, type: 3}
      propertyPath: m_LocalRotation.x
      value: -0.50008655
      objectReference: {fileID: 0}
    - target: {fileID: 434340, guid: 341fc2e91226cc747a53965fecbee5c6, type: 3}
      propertyPath: m_LocalRotation.y
      value: 0.499912
      objectReference: {fileID: 0}
    - target: {fileID: 434340, guid: 341fc2e91226cc747a53965fecbee5c6, type: 3}
      propertyPath: m_LocalRotation.z
      value: -0.500088
      objectReference: {fileID: 0}
    - target: {fileID: 434340, guid: 341fc2e91226cc747a53965fecbee5c6, type: 3}
      propertyPath: m_LocalEulerAnglesHint.x
      value: -180
      objectReference: {fileID: 0}
    - target: {fileID: 434340, guid: 341fc2e91226cc747a53965fecbee5c6, type: 3}
      propertyPath: m_LocalEulerAnglesHint.y
      value: 0
      objectReference: {fileID: 0}
    - target: {fileID: 434340, guid: 341fc2e91226cc747a53965fecbee5c6, type: 3}
      propertyPath: m_LocalEulerAnglesHint.z
      value: 0
      objectReference: {fileID: 0}
    - target: {fileID: 19819218, guid: 341fc2e91226cc747a53965fecbee5c6, type: 3}
      propertyPath: moveWithTransform
      value: 1
      objectReference: {fileID: 0}
    - target: {fileID: 19819218, guid: 341fc2e91226cc747a53965fecbee5c6, type: 3}
      propertyPath: InitialModule.gravityModifier.scalar
      value: 0
      objectReference: {fileID: 0}
    - target: {fileID: 19979436, guid: 341fc2e91226cc747a53965fecbee5c6, type: 3}
      propertyPath: m_Materials.Array.size
      value: 1
      objectReference: {fileID: 0}
    m_RemovedComponents: []
  m_SourcePrefab: {fileID: 100100000, guid: 341fc2e91226cc747a53965fecbee5c6, type: 3}
--- !u!1001 &3289902720977847999
PrefabInstance:
  m_ObjectHideFlags: 0
  serializedVersion: 2
  m_Modification:
    m_TransformParent: {fileID: 4656794868519205465}
    m_Modifications:
    - target: {fileID: 1659078276515693442, guid: d532d06de069bde4aa3e23195930ad9c,
        type: 3}
      propertyPath: m_RootOrder
      value: 3
      objectReference: {fileID: 0}
    - target: {fileID: 1659078276515693442, guid: d532d06de069bde4aa3e23195930ad9c,
        type: 3}
      propertyPath: m_LocalPosition.x
      value: 0
      objectReference: {fileID: 0}
    - target: {fileID: 1659078276515693442, guid: d532d06de069bde4aa3e23195930ad9c,
        type: 3}
      propertyPath: m_LocalPosition.y
      value: 1.32
      objectReference: {fileID: 0}
    - target: {fileID: 1659078276515693442, guid: d532d06de069bde4aa3e23195930ad9c,
        type: 3}
      propertyPath: m_LocalPosition.z
      value: 0.24
      objectReference: {fileID: 0}
    - target: {fileID: 1659078276515693442, guid: d532d06de069bde4aa3e23195930ad9c,
        type: 3}
      propertyPath: m_LocalRotation.w
      value: 1
      objectReference: {fileID: 0}
    - target: {fileID: 1659078276515693442, guid: d532d06de069bde4aa3e23195930ad9c,
        type: 3}
      propertyPath: m_LocalRotation.x
      value: 0
      objectReference: {fileID: 0}
    - target: {fileID: 1659078276515693442, guid: d532d06de069bde4aa3e23195930ad9c,
        type: 3}
      propertyPath: m_LocalRotation.y
      value: 0
      objectReference: {fileID: 0}
    - target: {fileID: 1659078276515693442, guid: d532d06de069bde4aa3e23195930ad9c,
        type: 3}
      propertyPath: m_LocalRotation.z
      value: 0
      objectReference: {fileID: 0}
    - target: {fileID: 1659078276515693442, guid: d532d06de069bde4aa3e23195930ad9c,
        type: 3}
      propertyPath: m_LocalEulerAnglesHint.x
      value: 0
      objectReference: {fileID: 0}
    - target: {fileID: 1659078276515693442, guid: d532d06de069bde4aa3e23195930ad9c,
        type: 3}
      propertyPath: m_LocalEulerAnglesHint.y
      value: 0
      objectReference: {fileID: 0}
    - target: {fileID: 1659078276515693442, guid: d532d06de069bde4aa3e23195930ad9c,
        type: 3}
      propertyPath: m_LocalEulerAnglesHint.z
      value: 0
      objectReference: {fileID: 0}
    - target: {fileID: 4369263772576591968, guid: d532d06de069bde4aa3e23195930ad9c,
        type: 3}
      propertyPath: m_Name
      value: Jetpack
      objectReference: {fileID: 0}
    - target: {fileID: 4369263772576591968, guid: d532d06de069bde4aa3e23195930ad9c,
        type: 3}
      propertyPath: m_IsActive
      value: 0
      objectReference: {fileID: 0}
    m_RemovedComponents: []
  m_SourcePrefab: {fileID: 100100000, guid: d532d06de069bde4aa3e23195930ad9c, type: 3}
--- !u!4 &4228369872061515069 stripped
Transform:
  m_CorrespondingSourceObject: {fileID: 1659078276515693442, guid: d532d06de069bde4aa3e23195930ad9c,
    type: 3}
  m_PrefabInstance: {fileID: 3289902720977847999}
  m_PrefabAsset: {fileID: 0}
--- !u!1001 &3939746323783816101
PrefabInstance:
  m_ObjectHideFlags: 0
  serializedVersion: 2
  m_Modification:
    m_TransformParent: {fileID: 4228369872061515069}
    m_Modifications:
    - target: {fileID: 145048, guid: 4e84120dab5fa4342b13417a3ff8964c, type: 3}
      propertyPath: m_Name
      value: SpikyFireAdditiveRed (1)
      objectReference: {fileID: 0}
    - target: {fileID: 145048, guid: 4e84120dab5fa4342b13417a3ff8964c, type: 3}
      propertyPath: m_IsActive
      value: 1
      objectReference: {fileID: 0}
    - target: {fileID: 430736, guid: 4e84120dab5fa4342b13417a3ff8964c, type: 3}
      propertyPath: m_RootOrder
      value: 1
      objectReference: {fileID: 0}
    - target: {fileID: 430736, guid: 4e84120dab5fa4342b13417a3ff8964c, type: 3}
      propertyPath: m_LocalScale.x
      value: 0.015314191
      objectReference: {fileID: 0}
    - target: {fileID: 430736, guid: 4e84120dab5fa4342b13417a3ff8964c, type: 3}
      propertyPath: m_LocalScale.y
      value: 0.016806249
      objectReference: {fileID: 0}
    - target: {fileID: 430736, guid: 4e84120dab5fa4342b13417a3ff8964c, type: 3}
      propertyPath: m_LocalScale.z
      value: 0.0391892
      objectReference: {fileID: 0}
    - target: {fileID: 430736, guid: 4e84120dab5fa4342b13417a3ff8964c, type: 3}
      propertyPath: m_LocalPosition.x
      value: 0.008067
      objectReference: {fileID: 0}
    - target: {fileID: 430736, guid: 4e84120dab5fa4342b13417a3ff8964c, type: 3}
      propertyPath: m_LocalPosition.y
      value: -0.003730867
      objectReference: {fileID: 0}
    - target: {fileID: 430736, guid: 4e84120dab5fa4342b13417a3ff8964c, type: 3}
      propertyPath: m_LocalPosition.z
      value: -0.008403129
      objectReference: {fileID: 0}
    - target: {fileID: 430736, guid: 4e84120dab5fa4342b13417a3ff8964c, type: 3}
      propertyPath: m_LocalRotation.w
      value: -0.3315883
      objectReference: {fileID: 0}
    - target: {fileID: 430736, guid: 4e84120dab5fa4342b13417a3ff8964c, type: 3}
      propertyPath: m_LocalRotation.x
      value: -0.9412099
      objectReference: {fileID: 0}
    - target: {fileID: 430736, guid: 4e84120dab5fa4342b13417a3ff8964c, type: 3}
      propertyPath: m_LocalRotation.y
      value: 0.028243046
      objectReference: {fileID: 0}
    - target: {fileID: 430736, guid: 4e84120dab5fa4342b13417a3ff8964c, type: 3}
      propertyPath: m_LocalRotation.z
      value: -0.05809798
      objectReference: {fileID: 0}
    - target: {fileID: 430736, guid: 4e84120dab5fa4342b13417a3ff8964c, type: 3}
      propertyPath: m_LocalEulerAnglesHint.x
      value: -218.864
      objectReference: {fileID: 0}
    - target: {fileID: 430736, guid: 4e84120dab5fa4342b13417a3ff8964c, type: 3}
      propertyPath: m_LocalEulerAnglesHint.y
      value: -6.6839905
      objectReference: {fileID: 0}
    - target: {fileID: 430736, guid: 4e84120dab5fa4342b13417a3ff8964c, type: 3}
      propertyPath: m_LocalEulerAnglesHint.z
      value: 1.0769958
      objectReference: {fileID: 0}
    - target: {fileID: 19820798, guid: 4e84120dab5fa4342b13417a3ff8964c, type: 3}
      propertyPath: moveWithTransform
      value: 1
      objectReference: {fileID: 0}
    m_RemovedComponents: []
  m_SourcePrefab: {fileID: 100100000, guid: 4e84120dab5fa4342b13417a3ff8964c, type: 3}
--- !u!1001 &4069352384972386494
PrefabInstance:
  m_ObjectHideFlags: 0
  serializedVersion: 2
  m_Modification:
    m_TransformParent: {fileID: 4228369872061515069}
    m_Modifications:
    - target: {fileID: 145048, guid: 4e84120dab5fa4342b13417a3ff8964c, type: 3}
      propertyPath: m_Name
      value: SpikyFireAdditiveRed
      objectReference: {fileID: 0}
    - target: {fileID: 430736, guid: 4e84120dab5fa4342b13417a3ff8964c, type: 3}
      propertyPath: m_RootOrder
      value: 0
      objectReference: {fileID: 0}
    - target: {fileID: 430736, guid: 4e84120dab5fa4342b13417a3ff8964c, type: 3}
      propertyPath: m_LocalScale.x
      value: 0.015314192
      objectReference: {fileID: 0}
    - target: {fileID: 430736, guid: 4e84120dab5fa4342b13417a3ff8964c, type: 3}
      propertyPath: m_LocalScale.y
      value: 0.016806247
      objectReference: {fileID: 0}
    - target: {fileID: 430736, guid: 4e84120dab5fa4342b13417a3ff8964c, type: 3}
      propertyPath: m_LocalScale.z
      value: 0.03918921
      objectReference: {fileID: 0}
    - target: {fileID: 430736, guid: 4e84120dab5fa4342b13417a3ff8964c, type: 3}
      propertyPath: m_LocalPosition.x
      value: -0.008067002
      objectReference: {fileID: 0}
    - target: {fileID: 430736, guid: 4e84120dab5fa4342b13417a3ff8964c, type: 3}
      propertyPath: m_LocalPosition.y
      value: -0.003730867
      objectReference: {fileID: 0}
    - target: {fileID: 430736, guid: 4e84120dab5fa4342b13417a3ff8964c, type: 3}
      propertyPath: m_LocalPosition.z
      value: -0.008403127
      objectReference: {fileID: 0}
    - target: {fileID: 430736, guid: 4e84120dab5fa4342b13417a3ff8964c, type: 3}
      propertyPath: m_LocalRotation.w
      value: -0.33263585
      objectReference: {fileID: 0}
    - target: {fileID: 430736, guid: 4e84120dab5fa4342b13417a3ff8964c, type: 3}
      propertyPath: m_LocalRotation.x
      value: -0.9416456
      objectReference: {fileID: 0}
    - target: {fileID: 430736, guid: 4e84120dab5fa4342b13417a3ff8964c, type: 3}
      propertyPath: m_LocalRotation.y
      value: -0.01008509
      objectReference: {fileID: 0}
    - target: {fileID: 430736, guid: 4e84120dab5fa4342b13417a3ff8964c, type: 3}
      propertyPath: m_LocalRotation.z
      value: 0.050549172
      objectReference: {fileID: 0}
    - target: {fileID: 430736, guid: 4e84120dab5fa4342b13417a3ff8964c, type: 3}
      propertyPath: m_LocalEulerAnglesHint.x
      value: -218.864
      objectReference: {fileID: 0}
    - target: {fileID: 430736, guid: 4e84120dab5fa4342b13417a3ff8964c, type: 3}
      propertyPath: m_LocalEulerAnglesHint.y
      value: 6.5259857
      objectReference: {fileID: 0}
    - target: {fileID: 430736, guid: 4e84120dab5fa4342b13417a3ff8964c, type: 3}
      propertyPath: m_LocalEulerAnglesHint.z
      value: 1.0769958
      objectReference: {fileID: 0}
    - target: {fileID: 19820798, guid: 4e84120dab5fa4342b13417a3ff8964c, type: 3}
      propertyPath: moveWithTransform
      value: 1
      objectReference: {fileID: 0}
    m_RemovedComponents: []
  m_SourcePrefab: {fileID: 100100000, guid: 4e84120dab5fa4342b13417a3ff8964c, type: 3}
--- !u!1001 &4871574610933484312
PrefabInstance:
  m_ObjectHideFlags: 0
  serializedVersion: 2
  m_Modification:
    m_TransformParent: {fileID: 4656794868519205465}
    m_Modifications:
    - target: {fileID: 756546681853443537, guid: 622636ba2d443a040a2ac3facbe89d1f,
        type: 3}
      propertyPath: m_Name
      value: Car
      objectReference: {fileID: 0}
    - target: {fileID: 756546681853443537, guid: 622636ba2d443a040a2ac3facbe89d1f,
        type: 3}
      propertyPath: m_IsActive
      value: 0
      objectReference: {fileID: 0}
    - target: {fileID: 8474219985634593518, guid: 622636ba2d443a040a2ac3facbe89d1f,
        type: 3}
      propertyPath: m_RootOrder
      value: 5
      objectReference: {fileID: 0}
    - target: {fileID: 8474219985634593518, guid: 622636ba2d443a040a2ac3facbe89d1f,
        type: 3}
      propertyPath: m_LocalPosition.x
      value: 0.53
      objectReference: {fileID: 0}
    - target: {fileID: 8474219985634593518, guid: 622636ba2d443a040a2ac3facbe89d1f,
        type: 3}
      propertyPath: m_LocalPosition.y
      value: 0.97
      objectReference: {fileID: 0}
    - target: {fileID: 8474219985634593518, guid: 622636ba2d443a040a2ac3facbe89d1f,
        type: 3}
      propertyPath: m_LocalPosition.z
      value: 0.24
      objectReference: {fileID: 0}
    - target: {fileID: 8474219985634593518, guid: 622636ba2d443a040a2ac3facbe89d1f,
        type: 3}
      propertyPath: m_LocalRotation.w
      value: 0.50008726
      objectReference: {fileID: 0}
    - target: {fileID: 8474219985634593518, guid: 622636ba2d443a040a2ac3facbe89d1f,
        type: 3}
      propertyPath: m_LocalRotation.x
      value: -0.49991274
      objectReference: {fileID: 0}
    - target: {fileID: 8474219985634593518, guid: 622636ba2d443a040a2ac3facbe89d1f,
        type: 3}
      propertyPath: m_LocalRotation.y
      value: 0.50008726
      objectReference: {fileID: 0}
    - target: {fileID: 8474219985634593518, guid: 622636ba2d443a040a2ac3facbe89d1f,
        type: 3}
      propertyPath: m_LocalRotation.z
      value: 0.49991274
      objectReference: {fileID: 0}
    - target: {fileID: 8474219985634593518, guid: 622636ba2d443a040a2ac3facbe89d1f,
        type: 3}
      propertyPath: m_LocalEulerAnglesHint.x
      value: -89.98
      objectReference: {fileID: 0}
    - target: {fileID: 8474219985634593518, guid: 622636ba2d443a040a2ac3facbe89d1f,
        type: 3}
      propertyPath: m_LocalEulerAnglesHint.y
      value: 90
      objectReference: {fileID: 0}
    - target: {fileID: 8474219985634593518, guid: 622636ba2d443a040a2ac3facbe89d1f,
        type: 3}
      propertyPath: m_LocalEulerAnglesHint.z
      value: 0
      objectReference: {fileID: 0}
    m_RemovedComponents: []
  m_SourcePrefab: {fileID: 100100000, guid: 622636ba2d443a040a2ac3facbe89d1f, type: 3}
--- !u!4 &3891450248010433014 stripped
Transform:
  m_CorrespondingSourceObject: {fileID: 8474219985634593518, guid: 622636ba2d443a040a2ac3facbe89d1f,
    type: 3}
  m_PrefabInstance: {fileID: 4871574610933484312}
  m_PrefabAsset: {fileID: 0}
--- !u!1001 &4963718221842106593
PrefabInstance:
  m_ObjectHideFlags: 0
  serializedVersion: 2
  m_Modification:
    m_TransformParent: {fileID: 1974544243587974089}
    m_Modifications:
    - target: {fileID: 150596, guid: 341fc2e91226cc747a53965fecbee5c6, type: 3}
      propertyPath: m_Name
      value: SmokeWhite (1)
      objectReference: {fileID: 0}
    - target: {fileID: 434340, guid: 341fc2e91226cc747a53965fecbee5c6, type: 3}
      propertyPath: m_RootOrder
      value: 0
      objectReference: {fileID: 0}
    - target: {fileID: 434340, guid: 341fc2e91226cc747a53965fecbee5c6, type: 3}
      propertyPath: m_LocalScale.x
      value: 0.006946662
      objectReference: {fileID: 0}
    - target: {fileID: 434340, guid: 341fc2e91226cc747a53965fecbee5c6, type: 3}
      propertyPath: m_LocalScale.y
      value: 0.006946662
      objectReference: {fileID: 0}
    - target: {fileID: 434340, guid: 341fc2e91226cc747a53965fecbee5c6, type: 3}
      propertyPath: m_LocalScale.z
      value: 0.006946662
      objectReference: {fileID: 0}
    - target: {fileID: 434340, guid: 341fc2e91226cc747a53965fecbee5c6, type: 3}
      propertyPath: m_LocalPosition.x
      value: 0.01710001
      objectReference: {fileID: 0}
    - target: {fileID: 434340, guid: 341fc2e91226cc747a53965fecbee5c6, type: 3}
      propertyPath: m_LocalPosition.y
      value: -0.003000559
      objectReference: {fileID: 0}
    - target: {fileID: 434340, guid: 341fc2e91226cc747a53965fecbee5c6, type: 3}
      propertyPath: m_LocalPosition.z
      value: -0.001598978
      objectReference: {fileID: 0}
    - target: {fileID: 434340, guid: 341fc2e91226cc747a53965fecbee5c6, type: 3}
      propertyPath: m_LocalRotation.w
      value: 0.58533716
      objectReference: {fileID: 0}
    - target: {fileID: 434340, guid: 341fc2e91226cc747a53965fecbee5c6, type: 3}
      propertyPath: m_LocalRotation.x
      value: -0.3967126
      objectReference: {fileID: 0}
    - target: {fileID: 434340, guid: 341fc2e91226cc747a53965fecbee5c6, type: 3}
      propertyPath: m_LocalRotation.y
      value: 0.3965083
      objectReference: {fileID: 0}
    - target: {fileID: 434340, guid: 341fc2e91226cc747a53965fecbee5c6, type: 3}
      propertyPath: m_LocalRotation.z
      value: -0.58547485
      objectReference: {fileID: 0}
    - target: {fileID: 434340, guid: 341fc2e91226cc747a53965fecbee5c6, type: 3}
      propertyPath: m_LocalEulerAnglesHint.x
      value: -179.993
      objectReference: {fileID: 0}
    - target: {fileID: 434340, guid: 341fc2e91226cc747a53965fecbee5c6, type: 3}
      propertyPath: m_LocalEulerAnglesHint.y
      value: -111.765
      objectReference: {fileID: 0}
    - target: {fileID: 434340, guid: 341fc2e91226cc747a53965fecbee5c6, type: 3}
      propertyPath: m_LocalEulerAnglesHint.z
      value: 89.980995
      objectReference: {fileID: 0}
    - target: {fileID: 19819218, guid: 341fc2e91226cc747a53965fecbee5c6, type: 3}
      propertyPath: moveWithTransform
      value: 1
      objectReference: {fileID: 0}
    - target: {fileID: 19819218, guid: 341fc2e91226cc747a53965fecbee5c6, type: 3}
      propertyPath: InitialModule.gravityModifier.scalar
      value: 0
      objectReference: {fileID: 0}
    - target: {fileID: 19979436, guid: 341fc2e91226cc747a53965fecbee5c6, type: 3}
      propertyPath: m_Materials.Array.size
      value: 1
      objectReference: {fileID: 0}
    m_RemovedComponents: []
  m_SourcePrefab: {fileID: 100100000, guid: 341fc2e91226cc747a53965fecbee5c6, type: 3}
--- !u!1001 &5412996738043449184
PrefabInstance:
  m_ObjectHideFlags: 0
  serializedVersion: 2
  m_Modification:
    m_TransformParent: {fileID: 7219350313715412229}
    m_Modifications:
    - target: {fileID: 4247157857622750331, guid: 54889c410a178c647b6046eefd9c5ef5,
        type: 3}
      propertyPath: m_Name
      value: Money Bag 1
      objectReference: {fileID: 0}
    - target: {fileID: 4247157857622750331, guid: 54889c410a178c647b6046eefd9c5ef5,
        type: 3}
      propertyPath: m_IsActive
      value: 1
      objectReference: {fileID: 0}
    - target: {fileID: 9039321078137472791, guid: 54889c410a178c647b6046eefd9c5ef5,
        type: 3}
      propertyPath: m_RootOrder
      value: 0
      objectReference: {fileID: 0}
    - target: {fileID: 9039321078137472791, guid: 54889c410a178c647b6046eefd9c5ef5,
        type: 3}
      propertyPath: m_LocalScale.x
      value: 0.15108116
      objectReference: {fileID: 0}
    - target: {fileID: 9039321078137472791, guid: 54889c410a178c647b6046eefd9c5ef5,
        type: 3}
      propertyPath: m_LocalScale.y
      value: 0.1510812
      objectReference: {fileID: 0}
    - target: {fileID: 9039321078137472791, guid: 54889c410a178c647b6046eefd9c5ef5,
        type: 3}
      propertyPath: m_LocalScale.z
      value: 0.15108119
      objectReference: {fileID: 0}
    - target: {fileID: 9039321078137472791, guid: 54889c410a178c647b6046eefd9c5ef5,
        type: 3}
      propertyPath: m_LocalPosition.x
      value: 0
      objectReference: {fileID: 0}
    - target: {fileID: 9039321078137472791, guid: 54889c410a178c647b6046eefd9c5ef5,
        type: 3}
      propertyPath: m_LocalPosition.y
      value: -0.19199634
      objectReference: {fileID: 0}
    - target: {fileID: 9039321078137472791, guid: 54889c410a178c647b6046eefd9c5ef5,
        type: 3}
      propertyPath: m_LocalPosition.z
      value: -0.20500009
      objectReference: {fileID: 0}
    - target: {fileID: 9039321078137472791, guid: 54889c410a178c647b6046eefd9c5ef5,
        type: 3}
      propertyPath: m_LocalRotation.w
      value: 0.65118694
      objectReference: {fileID: 0}
    - target: {fileID: 9039321078137472791, guid: 54889c410a178c647b6046eefd9c5ef5,
        type: 3}
      propertyPath: m_LocalRotation.x
      value: -0.27560043
      objectReference: {fileID: 0}
    - target: {fileID: 9039321078137472791, guid: 54889c410a178c647b6046eefd9c5ef5,
        type: 3}
      propertyPath: m_LocalRotation.y
      value: -0.27560043
      objectReference: {fileID: 0}
    - target: {fileID: 9039321078137472791, guid: 54889c410a178c647b6046eefd9c5ef5,
        type: 3}
      propertyPath: m_LocalRotation.z
      value: -0.65118694
      objectReference: {fileID: 0}
    - target: {fileID: 9039321078137472791, guid: 54889c410a178c647b6046eefd9c5ef5,
        type: 3}
      propertyPath: m_LocalEulerAnglesHint.x
      value: -45.879
      objectReference: {fileID: 0}
    - target: {fileID: 9039321078137472791, guid: 54889c410a178c647b6046eefd9c5ef5,
        type: 3}
      propertyPath: m_LocalEulerAnglesHint.y
      value: 90.00001
      objectReference: {fileID: 0}
    - target: {fileID: 9039321078137472791, guid: 54889c410a178c647b6046eefd9c5ef5,
        type: 3}
      propertyPath: m_LocalEulerAnglesHint.z
      value: -90.00001
      objectReference: {fileID: 0}
    m_RemovedComponents: []
  m_SourcePrefab: {fileID: 100100000, guid: 54889c410a178c647b6046eefd9c5ef5, type: 3}
--- !u!4 &3921735300685514871 stripped
Transform:
  m_CorrespondingSourceObject: {fileID: 9039321078137472791, guid: 54889c410a178c647b6046eefd9c5ef5,
    type: 3}
  m_PrefabInstance: {fileID: 5412996738043449184}
  m_PrefabAsset: {fileID: 0}
--- !u!1001 &6805704995327023360
PrefabInstance:
  m_ObjectHideFlags: 0
  serializedVersion: 2
  m_Modification:
    m_TransformParent: {fileID: 4656794868519205465}
    m_Modifications:
    - target: {fileID: 1698017946148464277, guid: 1428b031f8cdbf141af2a945bc846e1b,
        type: 3}
      propertyPath: m_Name
      value: Quai_1
      objectReference: {fileID: 0}
    - target: {fileID: 2079329319382596655, guid: 1428b031f8cdbf141af2a945bc846e1b,
        type: 3}
      propertyPath: m_RootOrder
      value: 7
      objectReference: {fileID: 0}
    - target: {fileID: 2079329319382596655, guid: 1428b031f8cdbf141af2a945bc846e1b,
        type: 3}
      propertyPath: m_LocalScale.x
      value: 0.17737755
      objectReference: {fileID: 0}
    - target: {fileID: 2079329319382596655, guid: 1428b031f8cdbf141af2a945bc846e1b,
        type: 3}
      propertyPath: m_LocalScale.y
      value: 0.123565
      objectReference: {fileID: 0}
    - target: {fileID: 2079329319382596655, guid: 1428b031f8cdbf141af2a945bc846e1b,
        type: 3}
      propertyPath: m_LocalScale.z
      value: 0.10059056
      objectReference: {fileID: 0}
    - target: {fileID: 2079329319382596655, guid: 1428b031f8cdbf141af2a945bc846e1b,
        type: 3}
      propertyPath: m_LocalPosition.x
      value: 0.015
      objectReference: {fileID: 0}
    - target: {fileID: 2079329319382596655, guid: 1428b031f8cdbf141af2a945bc846e1b,
        type: 3}
      propertyPath: m_LocalPosition.y
      value: 1.59
      objectReference: {fileID: 0}
    - target: {fileID: 2079329319382596655, guid: 1428b031f8cdbf141af2a945bc846e1b,
        type: 3}
      propertyPath: m_LocalPosition.z
      value: -0.212
      objectReference: {fileID: 0}
    - target: {fileID: 2079329319382596655, guid: 1428b031f8cdbf141af2a945bc846e1b,
        type: 3}
      propertyPath: m_LocalRotation.w
      value: 0.23994894
      objectReference: {fileID: 0}
    - target: {fileID: 2079329319382596655, guid: 1428b031f8cdbf141af2a945bc846e1b,
        type: 3}
      propertyPath: m_LocalRotation.x
      value: 0.9026517
      objectReference: {fileID: 0}
    - target: {fileID: 2079329319382596655, guid: 1428b031f8cdbf141af2a945bc846e1b,
        type: 3}
      propertyPath: m_LocalRotation.y
      value: -0.3459937
      objectReference: {fileID: 0}
    - target: {fileID: 2079329319382596655, guid: 1428b031f8cdbf141af2a945bc846e1b,
        type: 3}
      propertyPath: m_LocalRotation.z
      value: -0.089066446
      objectReference: {fileID: 0}
    - target: {fileID: 2079329319382596655, guid: 1428b031f8cdbf141af2a945bc846e1b,
        type: 3}
      propertyPath: m_LocalEulerAnglesHint.x
      value: 158.189
      objectReference: {fileID: 0}
    - target: {fileID: 2079329319382596655, guid: 1428b031f8cdbf141af2a945bc846e1b,
        type: 3}
      propertyPath: m_LocalEulerAnglesHint.y
      value: 20.612
      objectReference: {fileID: 0}
    - target: {fileID: 2079329319382596655, guid: 1428b031f8cdbf141af2a945bc846e1b,
        type: 3}
      propertyPath: m_LocalEulerAnglesHint.z
      value: 45.957993
      objectReference: {fileID: 0}
    m_RemovedComponents: []
  m_SourcePrefab: {fileID: 100100000, guid: 1428b031f8cdbf141af2a945bc846e1b, type: 3}
--- !u!4 &4803645756387566895 stripped
Transform:
  m_CorrespondingSourceObject: {fileID: 2079329319382596655, guid: 1428b031f8cdbf141af2a945bc846e1b,
    type: 3}
  m_PrefabInstance: {fileID: 6805704995327023360}
  m_PrefabAsset: {fileID: 0}
--- !u!1001 &8108172428906159017
PrefabInstance:
  m_ObjectHideFlags: 0
  serializedVersion: 2
  m_Modification:
    m_TransformParent: {fileID: 4656794868519205465}
    m_Modifications:
    - target: {fileID: 7626863117543994530, guid: 22a0b89bce57f294f9de1e352da96ab3,
        type: 3}
      propertyPath: m_Name
      value: Motorbike
      objectReference: {fileID: 0}
    - target: {fileID: 7626863117543994530, guid: 22a0b89bce57f294f9de1e352da96ab3,
        type: 3}
      propertyPath: m_IsActive
      value: 0
      objectReference: {fileID: 0}
    - target: {fileID: 7773492620731078752, guid: 22a0b89bce57f294f9de1e352da96ab3,
        type: 3}
      propertyPath: m_RootOrder
      value: 4
      objectReference: {fileID: 0}
    - target: {fileID: 7773492620731078752, guid: 22a0b89bce57f294f9de1e352da96ab3,
        type: 3}
      propertyPath: m_LocalPosition.x
      value: 0
      objectReference: {fileID: 0}
    - target: {fileID: 7773492620731078752, guid: 22a0b89bce57f294f9de1e352da96ab3,
        type: 3}
      propertyPath: m_LocalPosition.y
      value: -0.03
      objectReference: {fileID: 0}
    - target: {fileID: 7773492620731078752, guid: 22a0b89bce57f294f9de1e352da96ab3,
        type: 3}
      propertyPath: m_LocalPosition.z
      value: 0.01
      objectReference: {fileID: 0}
    - target: {fileID: 7773492620731078752, guid: 22a0b89bce57f294f9de1e352da96ab3,
        type: 3}
      propertyPath: m_LocalRotation.w
      value: 0.50008726
      objectReference: {fileID: 0}
    - target: {fileID: 7773492620731078752, guid: 22a0b89bce57f294f9de1e352da96ab3,
        type: 3}
      propertyPath: m_LocalRotation.x
      value: -0.49991274
      objectReference: {fileID: 0}
    - target: {fileID: 7773492620731078752, guid: 22a0b89bce57f294f9de1e352da96ab3,
        type: 3}
      propertyPath: m_LocalRotation.y
      value: 0.50008726
      objectReference: {fileID: 0}
    - target: {fileID: 7773492620731078752, guid: 22a0b89bce57f294f9de1e352da96ab3,
        type: 3}
      propertyPath: m_LocalRotation.z
      value: 0.49991274
      objectReference: {fileID: 0}
    - target: {fileID: 7773492620731078752, guid: 22a0b89bce57f294f9de1e352da96ab3,
        type: 3}
      propertyPath: m_LocalEulerAnglesHint.x
      value: -89.98
      objectReference: {fileID: 0}
    - target: {fileID: 7773492620731078752, guid: 22a0b89bce57f294f9de1e352da96ab3,
        type: 3}
      propertyPath: m_LocalEulerAnglesHint.y
      value: 90
      objectReference: {fileID: 0}
    - target: {fileID: 7773492620731078752, guid: 22a0b89bce57f294f9de1e352da96ab3,
        type: 3}
      propertyPath: m_LocalEulerAnglesHint.z
      value: 0
      objectReference: {fileID: 0}
    m_RemovedComponents: []
  m_SourcePrefab: {fileID: 100100000, guid: 22a0b89bce57f294f9de1e352da96ab3, type: 3}
--- !u!4 &1974544243587974089 stripped
Transform:
  m_CorrespondingSourceObject: {fileID: 7773492620731078752, guid: 22a0b89bce57f294f9de1e352da96ab3,
    type: 3}
  m_PrefabInstance: {fileID: 8108172428906159017}
  m_PrefabAsset: {fileID: 0}
